"symbol","price","quantity","trade_id","taker_id","maker_id","taker_order_id","maker_order_id","is_taker_buyer","timestamp"
"AAPL",10011,54,"019d96b9-b98d-716a-8001-e7e8ef1dc535","nt1","mm1",240,131,true,"2026-04-16T14:37:27.314907Z"
"AAPL",9987,53,"019d96b9-b9b4-7394-80de-80f97e05d77e","nt2","mm1",241,130,false,"2026-04-16T14:37:27.355153Z"
"GME",9987,61,"019d96b9-b9b4-73a4-801f-a112ea57a7e7","nt3","mm1",242,120,false,"2026-04-16T14:37:27.355156Z"
"AAPL",10011,46,"019d96b9-b9b4-73a8-8020-c85b03a6f7df","nt4","mm1",243,131,true,"2026-04-16T14:37:27.355158Z"
"AAPL",10011,10,"019d96b9-b9b4-73aa-806d-344b87d40901","nt4","mm2",243,167,true,"2026-04-16T14:37:27.355160Z"
"AAPL",10011,62,"019d96b9-b9ce-71cd-807a-c37f5b515c09","nt3","mm2",245,167,true,"2026-04-16T14:37:27.385368Z"
"GME",9987,39,"019d96b9-bc35-7045-8001-7b0a5b71662d","nt2","mm1",247,120,false,"2026-04-16T14:37:27.999267Z"
"GME",9987,27,"019d96b9-bc35-7047-80ef-e536e35a3c18","nt2","mm2",247,150,false,"2026-04-16T14:37:27.999269Z"
"GME",9986,100,"019d96b9-c00b-72dc-801f-35aa887c5639","it1","mm1",369,248,false,"2026-04-16T14:37:28.981150Z"
"GME",9986,100,"019d96b9-c00b-72de-8031-f085d9dab362","it1","mm3",369,251,false,"2026-04-16T14:37:28.981154Z"
"GME",9986,100,"019d96b9-c00b-72df-8099-2e73fc413f97","it1","mm2",369,288,false,"2026-04-16T14:37:28.981157Z"
"GME",9986,100,"019d96b9-c00b-72df-8153-744999c1c881","it1","mm4",369,299,false,"2026-04-16T14:37:28.981158Z"
"AAPL",10011,100,"019d96b9-c00e-73c4-80b1-a0a6874e4f41","it1","mm3",370,262,true,"2026-04-16T14:37:28.981160Z"
"AAPL",10011,100,"019d96b9-c00e-73c6-80ca-2cf9a70ec3cb","it1","mm4",370,310,true,"2026-04-16T14:37:28.981161Z"
"AAPL",10011,100,"019d96b9-c00e-73c6-813a-c945b622b42e","it1","mm1",370,320,true,"2026-04-16T14:37:29.011353Z"
"AAPL",10011,100,"019d96b9-c00e-73c7-8083-968a42ef2dd8","it1","mm2",370,339,true,"2026-04-16T14:37:29.021416Z"
"GOOG",9986,100,"019d96b9-c00f-739c-8029-218c98f22895","it1","mm3",371,271,false,"2026-04-16T14:37:29.041532Z"
"GOOG",9986,100,"019d96b9-c00f-739d-80ee-4547a03f5698","it1","mm1",371,329,false,"2026-04-16T14:37:29.051594Z"
"GOOG",9986,100,"019d96b9-c00f-739d-81c1-d4042ab65a79","it1","mm2",371,348,false,"2026-04-16T14:37:29.061655Z"
"GOOG",9986,100,"019d96b9-c00f-739e-807d-a7830c4c825f","it1","mm4",371,358,false,"2026-04-16T14:37:29.061657Z"
"GME",9986,100,"019d96b9-c0c6-70b6-809e-d774207689f1","mm3","it1",372,369,true,"2026-04-16T14:37:29.165835Z"
"AAPL",10011,100,"019d96b9-c0d8-70bb-80aa-4109222f9edc","mm3","it1",383,370,false,"2026-04-16T14:37:29.185953Z"
"GOOG",9986,100,"019d96b9-c0e7-7091-8010-95f2cf375af4","mm3","it1",392,371,true,"2026-04-16T14:37:29.196071Z"
"GME",9986,100,"019d96b9-c200-7324-8053-0d2272d2e743","it1","mm2",492,402,false,"2026-04-16T14:37:29.481939Z"
"GME",9986,100,"019d96b9-c200-7326-80c3-7198b9750f28","it1","mm1",492,422,false,"2026-04-16T14:37:29.481941Z"
"GME",9986,100,"019d96b9-c200-7326-8148-c06867d2ba94","it1","mm4",492,462,false,"2026-04-16T14:37:29.481942Z"
"AAPL",10010,100,"019d96b9-c201-704f-8016-76bb9a7a0901","it1","mm2",493,413,true,"2026-04-16T14:37:29.481943Z"
"AAPL",10010,100,"019d96b9-c201-7050-8061-a4686eff7fff","it1","mm1",493,433,true,"2026-04-16T14:37:29.481945Z"
"AAPL",10010,100,"019d96b9-c201-7051-8031-5e604cd9e313","it1","mm4",493,473,true,"2026-04-16T14:37:29.481946Z"
"GOOG",9986,100,"019d96b9-c201-712c-8043-e64342e40fc8","it1","mm2",494,442,false,"2026-04-16T14:37:29.492017Z"
"GOOG",9986,100,"019d96b9-c201-712d-80fb-a0889ec05c9a","it1","mm1",494,452,false,"2026-04-16T14:37:29.492019Z"
"GOOG",9986,100,"019d96b9-c201-712d-81d1-3972e33d849a","it1","mm4",494,482,false,"2026-04-16T14:37:29.492021Z"
"GME",9980,150,"019d96b9-c3f6-7371-802b-89b4af6a9c46","it1","mm3",495,374,false,"2026-04-16T14:37:29.984871Z"
"GME",9980,150,"019d96b9-c3f6-7372-80bc-23723fef7650","it1","mm2",495,404,false,"2026-04-16T14:37:29.984873Z"
"GME",9980,150,"019d96b9-c3f6-7373-80cf-98f8563954a1","it1","mm1",495,424,false,"2026-04-16T14:37:29.984875Z"
"GME",9980,50,"019d96b9-c3f6-7374-8072-68e9def1679c","it1","mm4",495,464,false,"2026-04-16T14:37:29.984877Z"
"AAPL",10016,150,"019d96b9-c3f6-7382-8095-555eae245ba2","it1","mm3",496,385,true,"2026-04-16T14:37:29.984878Z"
"AAPL",10016,150,"019d96b9-c3f6-7383-8070-b2c2b78136d9","it1","mm2",496,415,true,"2026-04-16T14:37:29.984880Z"
"AAPL",10016,150,"019d96b9-c3f6-7384-800e-42ba6cb1dcc0","it1","mm1",496,435,true,"2026-04-16T14:37:29.984881Z"
"AAPL",10016,50,"019d96b9-c3f6-7385-8072-caebd3e6031b","it1","mm4",496,475,true,"2026-04-16T14:37:29.994952Z"
"GOOG",9980,150,"019d96b9-c3f6-73dc-8047-9b5b07e7ebca","it1","mm3",497,394,false,"2026-04-16T14:37:29.994954Z"
"GOOG",9980,150,"019d96b9-c3f6-73dd-80c2-260b13412842","it1","mm2",497,444,false,"2026-04-16T14:37:29.994955Z"
"GOOG",9980,150,"019d96b9-c3f6-73dd-8137-96683aa4121b","it1","mm1",497,454,false,"2026-04-16T14:37:29.994957Z"
"GOOG",9980,50,"019d96b9-c3f6-73de-80f9-9f571889f966","it1","mm4",497,484,false,"2026-04-16T14:37:29.994958Z"
"GOOG",9986,121,"019d96b9-c4cd-739e-80b5-b2a1d45ecd1e","nt2","it1",508,494,true,"2026-04-16T14:37:30.196202Z"
"AAPL",10025,52,"019d96b9-c57c-7397-80b7-8fdf49491683","nt3","mm3",620,511,true,"2026-04-16T14:37:30.376068Z"
"GME",9970,100,"019d96b9-c5eb-73bb-807a-4a9df814a328","it1","mm3",621,499,false,"2026-04-16T14:37:30.486711Z"
"GME",9970,100,"019d96b9-c5eb-73bc-809f-23e9c6a1f8c3","it1","mm4",621,525,false,"2026-04-16T14:37:30.486713Z"
"GME",9970,100,"019d96b9-c5eb-73bd-8051-e9b0b54451d4","it1","mm1",621,527,false,"2026-04-16T14:37:30.486715Z"
"GME",9970,100,"019d96b9-c5eb-73bd-81e3-946494c828fb","it1","mm2",621,537,false,"2026-04-16T14:37:30.486716Z"
"AAPL",10025,48,"019d96b9-c5eb-73cc-807e-4f17a2fc3ad7","it1","mm3",622,511,true,"2026-04-16T14:37:30.486718Z"
"AAPL",10025,100,"019d96b9-c5eb-73cd-80fd-7ee72f3eb8b2","it1","mm1",622,555,true,"2026-04-16T14:37:30.486719Z"
"AAPL",10025,100,"019d96b9-c5eb-73ce-8087-93d96d20c7aa","it1","mm2",622,581,true,"2026-04-16T14:37:30.496776Z"
"AAPL",10025,100,"019d96b9-c5eb-73ce-8185-fd3345e7e8f6","it1","mm4",622,601,true,"2026-04-16T14:37:30.496778Z"
"GOOG",9970,100,"019d96b9-c5eb-73d6-80c4-fc8ec09b7bd2","it1","mm3",623,520,false,"2026-04-16T14:37:30.496779Z"
"GOOG",9970,100,"019d96b9-c5eb-73d6-81dd-e6274d78d6e0","it1","mm1",623,564,false,"2026-04-16T14:37:30.496780Z"
"GOOG",9970,100,"019d96b9-c5eb-73d7-8090-6a5b61ace3b6","it1","mm2",623,590,false,"2026-04-16T14:37:30.496781Z"
"GOOG",9970,100,"019d96b9-c5eb-73d7-8157-6eba61c22e3b","it1","mm4",623,610,false,"2026-04-16T14:37:30.496783Z"
"GOOG",9970,68,"019d96b9-c6e7-73ae-80a9-fc2f08d53db5","nt3","it1",624,623,true,"2026-04-16T14:37:30.738102Z"
"GME",9964,150,"019d96b9-c7df-73de-8079-f5b44fd72480","it1","mm3",625,501,false,"2026-04-16T14:37:30.979425Z"
"GME",9964,150,"019d96b9-c7df-73e0-8020-da9046cbe920","it1","mm1",625,529,false,"2026-04-16T14:37:30.979427Z"
"GME",9964,150,"019d96b9-c7df-73e0-816e-b9b5f6ebaef5","it1","mm2",625,539,false,"2026-04-16T14:37:30.989500Z"
"GME",9964,50,"019d96b9-c7df-73e1-8028-45f8af6dc165","it1","mm4",625,546,false,"2026-04-16T14:37:30.989501Z"
"AAPL",10031,150,"019d96b9-c7e0-700b-80c4-6296b3a2592e","it1","mm3",626,513,true,"2026-04-16T14:37:30.989503Z"
"AAPL",10031,150,"019d96b9-c7e0-700c-8002-edc1b20f79cc","it1","mm1",626,557,true,"2026-04-16T14:37:30.989504Z"
"AAPL",10031,150,"019d96b9-c7e0-700d-807f-81ea91baaa61","it1","mm2",626,583,true,"2026-04-16T14:37:30.989505Z"
"AAPL",10031,50,"019d96b9-c7e0-700e-804c-4881deaff829","it1","mm4",626,603,true,"2026-04-16T14:37:30.989506Z"
"GOOG",9964,150,"019d96b9-c7e0-720e-80a8-56f980a016cc","it1","mm3",627,522,false,"2026-04-16T14:37:30.989508Z"
"GOOG",9964,150,"019d96b9-c7e0-7210-80c4-7ed8eb25d791","it1","mm1",627,566,false,"2026-04-16T14:37:30.999565Z"
"GOOG",9964,150,"019d96b9-c7e0-7210-8194-4126d1e56786","it1","mm2",627,592,false,"2026-04-16T14:37:30.999567Z"
"GOOG",9964,50,"019d96b9-c7e0-7211-80d4-37edd1a9cf00","it1","mm4",627,612,false,"2026-04-16T14:37:30.999568Z"
"AAPL",10040,52,"019d96b9-c987-731d-80cb-8f572c28ee3e","nt3","mm3",748,647,true,"2026-04-16T14:37:31.412863Z"
"GME",9954,100,"019d96b9-c9f6-70ee-805f-02255198bb4a","it1","mm1",749,628,false,"2026-04-16T14:37:31.513459Z"
"GME",9954,100,"019d96b9-c9f6-70ef-80d2-cb6c4fa4249c","it1","mm3",749,634,false,"2026-04-16T14:37:31.523523Z"
"GME",9954,100,"019d96b9-c9f6-70f0-8002-90873446752d","it1","mm4",749,644,false,"2026-04-16T14:37:31.533587Z"
"GME",9954,100,"019d96b9-c9f6-70f0-81c8-4b5e7a1b7da9","it1","mm2",749,668,false,"2026-04-16T14:37:31.533588Z"
"AAPL",10040,48,"019d96b9-c9fd-73d8-80ec-5385542cfe45","it1","mm3",750,647,true,"2026-04-16T14:37:31.543648Z"
"AAPL",10040,100,"019d96b9-c9fd-73d9-80d8-ebe0a9b3dac1","it1","mm1",750,662,true,"2026-04-16T14:37:31.553708Z"
"AAPL",10040,100,"019d96b9-c9fd-73da-802e-80cabf27bd77","it1","mm2",750,696,true,"2026-04-16T14:37:31.553710Z"
"AAPL",10040,100,"019d96b9-c9fd-73db-80e7-254d621aa812","it1","mm4",750,723,true,"2026-04-16T14:37:31.563770Z"
"GOOG",9954,100,"019d96b9-ca05-73e7-80ff-b6efa40a0c62","it1","mm3",751,674,false,"2026-04-16T14:37:31.573828Z"
"GOOG",9954,100,"019d96b9-ca06-7001-80d7-d86f56990a9b","it1","mm1",751,683,false,"2026-04-16T14:37:31.573830Z"
"GOOG",9954,100,"019d96b9-ca06-7002-8034-fadd8dad69dd","it1","mm2",751,710,false,"2026-04-16T14:37:31.583864Z"
"GOOG",9954,100,"019d96b9-ca06-7002-813e-2413e633417a","it1","mm4",751,732,false,"2026-04-16T14:37:31.593923Z"
"AAPL",10040,57,"019d96b9-cb7a-73e1-808b-3e639f1c7ae1","nt1","it1",753,750,false,"2026-04-16T14:37:31.905665Z"
"GME",9948,50,"019d96b9-cbd9-70f7-8003-830829d70c0d","nt2","mm1",754,630,false,"2026-04-16T14:37:31.996142Z"
"GME",9948,100,"019d96b9-cbf3-73da-8010-b742322178c5","it1","mm1",755,630,false,"2026-04-16T14:37:32.026338Z"
"GME",9948,150,"019d96b9-cbf3-73db-8021-72dbfbdab69d","it1","mm3",755,636,false,"2026-04-16T14:37:32.036397Z"
"GME",9948,150,"019d96b9-cbf3-73dc-80c9-77366b52a231","it1","mm4",755,653,false,"2026-04-16T14:37:32.046455Z"
"GME",9948,100,"019d96b9-cbf3-73dd-80aa-9bb560d27d9b","it1","mm2",755,687,false,"2026-04-16T14:37:32.056514Z"
"AAPL",10046,150,"019d96b9-cbf4-7005-807d-b8fedc2e805b","it1","mm3",756,649,true,"2026-04-16T14:37:32.066574Z"
"AAPL",10046,150,"019d96b9-cbf4-7006-80f9-2b5afcce05e1","it1","mm1",756,664,true,"2026-04-16T14:37:32.066576Z"
"AAPL",10046,150,"019d96b9-cbf4-7007-8004-c07d9fe6a56d","it1","mm2",756,698,true,"2026-04-16T14:37:32.076636Z"
"AAPL",10046,50,"019d96b9-cbf4-7007-8111-a2a3be18d695","it1","mm4",756,725,true,"2026-04-16T14:37:32.086697Z"
"GOOG",9948,150,"019d96b9-cbf4-7332-80a2-91fb9fca16a8","it1","mm3",757,676,false,"2026-04-16T14:37:32.096756Z"
"GOOG",9948,150,"019d96b9-cbf4-7333-80ca-f22568e7d873","it1","mm1",757,685,false,"2026-04-16T14:37:32.106816Z"
"GOOG",9948,150,"019d96b9-cbf4-7334-80de-79735cb922ed","it1","mm2",757,712,false,"2026-04-16T14:37:32.126873Z"
"GOOG",9948,50,"019d96b9-cbf4-7335-80da-f348870dabcd","it1","mm4",757,734,false,"2026-04-16T14:37:32.136934Z"
"GME",9938,100,"019d96b9-ce25-73b5-8047-b673ec96bd4d","it1","mm3",878,758,false,"2026-04-16T14:37:32.591003Z"
"GME",9938,100,"019d96b9-ce25-73b6-804a-a294d648425a","it1","mm1",878,788,false,"2026-04-16T14:37:32.591005Z"
"GME",9938,100,"019d96b9-ce25-73b7-8070-a9d9f5842d2e","it1","mm2",878,811,false,"2026-04-16T14:37:32.591007Z"
"GME",9938,100,"019d96b9-ce25-73b7-8193-090aed599704","it1","mm4",878,826,false,"2026-04-16T14:37:32.591008Z"
"GME",9932,51,"019d96b9-ce27-7088-80cd-98ba7454e85d","nt3","mm3",881,760,false,"2026-04-16T14:37:32.601070Z"
"GME",9932,99,"019d96b9-cfd1-73ae-8079-a2452840b68b","it1","mm3",884,760,false,"2026-04-16T14:37:33.013390Z"
"GME",9932,150,"019d96b9-cfd1-73b1-8090-d434c3a9924e","it1","mm1",884,790,false,"2026-04-16T14:37:33.013392Z"
"GME",9932,150,"019d96b9-cfd1-73b2-80fa-95225f0e1896","it1","mm2",884,813,false,"2026-04-16T14:37:33.023469Z"
"GME",9932,101,"019d96b9-cfd1-73b2-81c2-90a5d8eeb3dd","it1","mm4",884,828,false,"2026-04-16T14:37:33.023471Z"
"AAPL",10055,100,"019d96b9-cfd2-7274-802e-09abe1dd28ed","it1","mm3",885,769,true,"2026-04-16T14:37:33.023472Z"
"AAPL",10055,100,"019d96b9-cfd2-7275-805a-83a5cebf1763","it1","mm1",885,799,true,"2026-04-16T14:37:33.023473Z"
"AAPL",10055,100,"019d96b9-cfd2-7276-80c4-b9827e506554","it1","mm2",885,822,true,"2026-04-16T14:37:33.023475Z"
"AAPL",10055,100,"019d96b9-cfd2-7277-8082-f42f1f3070db","it1","mm4",885,837,true,"2026-04-16T14:37:33.023476Z"
"GOOG",9938,100,"019d96b9-cfd2-7286-80b8-5b7ae06eefa4","it1","mm3",886,778,false,"2026-04-16T14:37:33.023478Z"
"GOOG",9938,100,"019d96b9-cfd2-7287-80af-f55068d80d62","it1","mm1",886,808,false,"2026-04-16T14:37:33.033537Z"
"GOOG",9938,100,"019d96b9-cfd2-7288-808b-f9d5c1edae27","it1","mm4",886,846,false,"2026-04-16T14:37:33.033539Z"
"GOOG",9938,100,"019d96b9-cfd2-7288-81d0-0ee733c7fd00","it1","mm2",886,861,false,"2026-04-16T14:37:33.033541Z"
"GOOG",9932,73,"019d96b9-cff0-73d3-8053-df9537d88a2a","nt1","mm3",887,780,false,"2026-04-16T14:37:33.043603Z"
"GME",9922,100,"019d96b9-d1c6-702f-802c-89a64161b3eb","it1","mm3",1008,888,false,"2026-04-16T14:37:33.516882Z"
"GME",9922,100,"019d96b9-d1c6-7030-800c-e7a6e39e7c5f","it1","mm2",1008,898,false,"2026-04-16T14:37:33.516885Z"
"GME",9922,100,"019d96b9-d1c6-7030-81ab-7d115ca18bb2","it1","mm4",1008,919,false,"2026-04-16T14:37:33.526946Z"
"GME",9922,100,"019d96b9-d1c6-7031-805d-80def862b9f1","it1","mm1",1008,920,false,"2026-04-16T14:37:33.526949Z"
"GME",9915,150,"019d96b9-d3bb-73be-803f-be02ea0e5d3a","it1","mm3",1011,890,false,"2026-04-16T14:37:34.019676Z"
"GME",9915,150,"019d96b9-d3bb-73c0-80f9-f991f373cbc6","it1","mm1",1011,922,false,"2026-04-16T14:37:34.019679Z"
"GME",9915,150,"019d96b9-d3bb-73c0-810d-b3d4331c8854","it1","mm2",1011,951,false,"2026-04-16T14:37:34.019681Z"
"GME",9915,50,"019d96b9-d3bb-73c1-805e-865f4fd589bc","it1","mm4",1011,980,false,"2026-04-16T14:37:34.019682Z"
"AAPL",10063,100,"019d96b9-d3bc-72ae-8010-647bb3e31f31","it1","mm3",1012,900,true,"2026-04-16T14:37:34.019684Z"
"AAPL",10063,100,"019d96b9-d3bc-72b0-80bc-d83b9b82d7bc","it1","mm1",1012,931,true,"2026-04-16T14:37:34.039823Z"
"AAPL",10063,100,"019d96b9-d3bc-72b1-8080-68bd0451577a","it1","mm2",1012,960,true,"2026-04-16T14:37:34.039825Z"
"AAPL",10063,100,"019d96b9-d3bc-72b1-81c8-1bdb6b2ea567","it1","mm4",1012,989,true,"2026-04-16T14:37:34.039826Z"
"GOOG",9930,100,"019d96b9-d3be-727b-80f4-189e4434639f","it1","mm3",1013,909,false,"2026-04-16T14:37:34.039827Z"
"GOOG",9930,100,"019d96b9-d3be-727d-8099-da2e65e30eb9","it1","mm1",1013,940,false,"2026-04-16T14:37:34.039829Z"
"GOOG",9930,100,"019d96b9-d3be-727d-81fe-3e4bf96d138b","it1","mm2",1013,969,false,"2026-04-16T14:37:34.039830Z"
"GOOG",9930,100,"019d96b9-d3be-727e-80aa-44d92a4f8ad1","it1","mm4",1013,998,false,"2026-04-16T14:37:34.039831Z"
"GME",9905,100,"019d96b9-d5b7-712a-80da-8eabc9b0140b","it1","mm1",1134,1014,false,"2026-04-16T14:37:34.523594Z"
"GME",9905,100,"019d96b9-d5b7-712b-80fc-8b7e30f96a53","it1","mm3",1134,1021,false,"2026-04-16T14:37:34.523595Z"
"GME",9905,100,"019d96b9-d5b7-712b-81c8-9be147b5bd55","it1","mm4",1134,1039,false,"2026-04-16T14:37:34.533654Z"
"GME",9905,100,"019d96b9-d5b7-712c-801e-1aaa314e8e50","it1","mm2",1134,1047,false,"2026-04-16T14:37:34.533655Z"
"GOOG",9923,52,"019d96b9-d5e3-7275-8004-db36f272f38d","nt4","it1",1137,1136,true,"2026-04-16T14:37:34.573870Z"
"GME",9898,150,"019d96b9-d7a6-72e7-80a2-2f20c671506c","it1","mm1",1139,1016,false,"2026-04-16T14:37:35.019323Z"
"GME",9898,150,"019d96b9-d7a6-72e9-80ac-b98e8a2ccf43","it1","mm3",1139,1025,false,"2026-04-16T14:37:35.019325Z"
"GME",9898,150,"019d96b9-d7a6-72e9-8152-63d1749c8b0d","it1","mm4",1139,1046,false,"2026-04-16T14:37:35.019327Z"
"GME",9898,50,"019d96b9-d7a6-72eb-80d7-b7f47c92f1e3","it1","mm2",1139,1049,false,"2026-04-16T14:37:35.029414Z"
"AAPL",10074,100,"019d96b9-d7a7-705f-80c5-13c424553f38","it1","mm3",1140,1035,true,"2026-04-16T14:37:35.029417Z"
"AAPL",10074,100,"019d96b9-d7a7-7061-8028-2a3ef70d0e91","it1","mm4",1140,1075,true,"2026-04-16T14:37:35.029418Z"
"AAPL",10074,100,"019d96b9-d7a7-7061-8153-b86adbbb3f1f","it1","mm2",1140,1085,true,"2026-04-16T14:37:35.029419Z"
"AAPL",10074,100,"019d96b9-d7a7-7062-80ae-61a4bb3fe2b8","it1","mm1",1140,1115,true,"2026-04-16T14:37:35.029421Z"
"GOOG",9918,100,"019d96b9-d7a7-7183-80ae-082dcb161c16","it1","mm3",1141,1057,false,"2026-04-16T14:37:35.029422Z"
"GOOG",9918,100,"019d96b9-d7a7-7184-8027-eb75947118be","it1","mm2",1141,1094,false,"2026-04-16T14:37:35.029423Z"
"GOOG",9918,100,"019d96b9-d7a7-7184-81dc-41a0532a531c","it1","mm4",1141,1104,false,"2026-04-16T14:37:35.039483Z"
"GOOG",9918,100,"019d96b9-d7a7-7185-80b1-a61ce0a698d9","it1","mm1",1141,1124,false,"2026-04-16T14:37:35.039484Z"
"GME",9905,78,"019d96b9-d8a1-7105-80f3-504b9a3c5832","nt3","it1",1142,1134,true,"2026-04-16T14:37:35.270758Z"
"GME",9887,100,"019d96b9-d99b-73de-8069-7ff47c59201e","it1","mm3",1263,1143,false,"2026-04-16T14:37:35.522929Z"
"GME",9887,100,"019d96b9-d99b-73df-80ad-3af779bf8add","it1","mm1",1263,1173,false,"2026-04-16T14:37:35.522931Z"
"GME",9887,100,"019d96b9-d99b-73e0-80b4-7ad6e68c8ace","it1","mm4",1263,1183,false,"2026-04-16T14:37:35.522932Z"
"GME",9887,100,"019d96b9-d99b-73e1-800e-baeab22b71d8","it1","mm2",1263,1204,false,"2026-04-16T14:37:35.522934Z"
"GME",9880,150,"019d96b9-db90-7103-802c-34414213abd3","it1","mm3",1266,1145,false,"2026-04-16T14:37:36.025664Z"
"GME",9880,150,"019d96b9-db90-7105-80d1-47ed61e40f97","it1","mm1",1266,1175,false,"2026-04-16T14:37:36.025666Z"
"GME",9880,150,"019d96b9-db90-7105-810c-e83775fa5320","it1","mm2",1266,1206,false,"2026-04-16T14:37:36.025668Z"
"GME",9880,50,"019d96b9-db90-7106-8089-06bc5a1855f7","it1","mm4",1266,1225,false,"2026-04-16T14:37:36.025669Z"
"AAPL",10084,100,"019d96b9-db90-7256-8058-29bfd75e1155","it1","mm3",1267,1154,true,"2026-04-16T14:37:36.025670Z"
"AAPL",10084,100,"019d96b9-db90-7257-80c9-608c2f578ff9","it1","mm1",1267,1185,true,"2026-04-16T14:37:36.025672Z"
"AAPL",10084,100,"019d96b9-db90-7258-80e3-7357abf00cf2","it1","mm2",1267,1215,true,"2026-04-16T14:37:36.035734Z"
"AAPL",10084,100,"019d96b9-db90-7259-804b-696fdef0c819","it1","mm4",1267,1234,true,"2026-04-16T14:37:36.035736Z"
"GOOG",9907,100,"019d96b9-db90-7351-80ed-85efe9f495cc","it1","mm3",1268,1163,false,"2026-04-16T14:37:36.035737Z"
"GOOG",9907,100,"019d96b9-db90-7352-80eb-a786f81183e4","it1","mm1",1268,1194,false,"2026-04-16T14:37:36.035739Z"
"GOOG",9907,100,"019d96b9-db90-7353-804d-2b7c49fc0fe9","it1","mm2",1268,1243,false,"2026-04-16T14:37:36.035740Z"
"GOOG",9907,100,"019d96b9-db90-7354-80b1-9d3ae14593dc","it1","mm4",1268,1253,false,"2026-04-16T14:37:36.035741Z"
"GOOG",9907,58,"019d96b9-dc8e-739c-80c9-e448c3b58909","nt3","it1",1269,1268,true,"2026-04-16T14:37:36.277035Z"
"GOOG",9900,115,"019d96b9-de37-713b-80ab-934341f3c0df","nt4","it1",1394,1392,true,"2026-04-16T14:37:36.701470Z"
"GME",9869,100,"019d96b9-df79-7020-8004-7923b89e7140","it1","mm3",1395,1270,false,"2026-04-16T14:37:37.023260Z"
"GME",9869,100,"019d96b9-df79-7022-8067-f48e65ff2d49","it1","mm1",1395,1300,false,"2026-04-16T14:37:37.023261Z"
"GME",9869,100,"019d96b9-df79-7022-81b0-76efa0a9a971","it1","mm2",1395,1330,false,"2026-04-16T14:37:37.023263Z"
"GME",9869,100,"019d96b9-df79-7023-80a1-028181ae05f9","it1","mm4",1395,1331,false,"2026-04-16T14:37:37.023264Z"
"AAPL",10095,100,"019d96b9-df79-7036-8049-ecad35c99197","it1","mm3",1396,1281,true,"2026-04-16T14:37:37.033343Z"
"AAPL",10095,100,"019d96b9-df79-7037-80b3-fe83ccf9fa0b","it1","mm1",1396,1311,true,"2026-04-16T14:37:37.033345Z"
"AAPL",10095,100,"019d96b9-df79-7038-80a3-6893225de901","it1","mm4",1396,1351,true,"2026-04-16T14:37:37.033347Z"
"AAPL",10095,100,"019d96b9-df79-7039-80b6-ad55cd2e013f","it1","mm2",1396,1355,true,"2026-04-16T14:37:37.033348Z"
"GOOG",9895,100,"019d96b9-df79-728e-807d-d3b867535a48","it1","mm3",1397,1290,false,"2026-04-16T14:37:37.033350Z"
"GOOG",9895,100,"019d96b9-df79-728f-804a-5122d8ddfc40","it1","mm1",1397,1320,false,"2026-04-16T14:37:37.033351Z"
"GOOG",9895,100,"019d96b9-df79-7290-803b-9c42b3a3f3e0","it1","mm4",1397,1370,false,"2026-04-16T14:37:37.033352Z"
"GOOG",9895,100,"019d96b9-df79-7290-813d-28633a2b3cd5","it1","mm2",1397,1373,false,"2026-04-16T14:37:37.043412Z"
"AAPL",10102,61,"019d96b9-dfcc-73a7-80c0-35499f8f1a4a","nt2","mm3",1398,1283,true,"2026-04-16T14:37:37.103751Z"
"AAPL",10106,51,"019d96b9-e2dd-7071-8022-0cb3f047ae93","nt4","mm3",1522,1410,true,"2026-04-16T14:37:37.888919Z"
"AAPL",10102,58,"019d96b9-e305-7380-80c7-72704059a09c","nt2","it1",1523,1520,false,"2026-04-16T14:37:37.929170Z"
"GME",9859,100,"019d96b9-e361-713c-805a-4c688efcf7e7","it1","mm3",1524,1399,false,"2026-04-16T14:37:38.019697Z"
"GME",9859,100,"019d96b9-e361-713e-8027-b40bb030a748","it1","mm1",1524,1429,false,"2026-04-16T14:37:38.029761Z"
"GME",9859,100,"019d96b9-e361-713f-80c3-740d72246c7e","it1","mm2",1524,1459,false,"2026-04-16T14:37:38.039821Z"
"GME",9859,100,"019d96b9-e361-713f-8128-2fff29526077","it1","mm4",1524,1462,false,"2026-04-16T14:37:38.049864Z"
"AAPL",10106,49,"019d96b9-e361-72bc-8004-4a46e8298c5a","it1","mm3",1525,1410,true,"2026-04-16T14:37:38.059924Z"
"AAPL",10106,100,"019d96b9-e361-72bc-810f-cb685a21eb2c","it1","mm1",1525,1440,true,"2026-04-16T14:37:38.069985Z"
"AAPL",10106,100,"019d96b9-e361-72bd-8037-1b3dc3054961","it1","mm4",1525,1480,true,"2026-04-16T14:37:38.080045Z"
"AAPL",10106,100,"019d96b9-e361-72be-80df-b4a43fe57806","it1","mm2",1525,1489,true,"2026-04-16T14:37:38.100176Z"
"GOOG",9883,100,"019d96b9-e36b-7061-8017-a07b77aa8300","it1","mm3",1526,1419,false,"2026-04-16T14:37:38.110237Z"
"GOOG",9883,100,"019d96b9-e36b-7062-8071-a991f5504d61","it1","mm1",1526,1449,false,"2026-04-16T14:37:38.120303Z"
"GOOG",9883,100,"019d96b9-e36b-7063-80cd-ec94b11715fd","it1","mm4",1526,1499,false,"2026-04-16T14:37:38.130363Z"
"GOOG",9883,100,"019d96b9-e36b-7064-800b-a83744bb180e","it1","mm2",1526,1509,false,"2026-04-16T14:37:38.140424Z"
"GOOG",9871,52,"019d96b9-e6d8-7277-80cc-8ba60b1535a5","nt4","mm3",1650,1547,false,"2026-04-16T14:37:38.915387Z"
"GME",9845,100,"019d96b9-e765-704a-804d-6212f6366f64","it1","mm3",1651,1527,false,"2026-04-16T14:37:39.046103Z"
"GME",9845,100,"019d96b9-e765-704b-80cf-a4951e5f7f54","it1","mm1",1651,1557,false,"2026-04-16T14:37:39.056165Z"
"GME",9845,100,"019d96b9-e765-704c-80af-e548e1819b9d","it1","mm4",1651,1587,false,"2026-04-16T14:37:39.056169Z"
"GME",9845,100,"019d96b9-e765-704c-8107-ee535b4e507f","it1","mm2",1651,1597,false,"2026-04-16T14:37:39.056170Z"
"AAPL",10118,100,"019d96b9-e767-70ba-8011-b1b635a03e3c","it1","mm3",1652,1538,true,"2026-04-16T14:37:39.056172Z"
"AAPL",10118,100,"019d96b9-e767-70bc-8001-ee9643f62313","it1","mm1",1652,1568,true,"2026-04-16T14:37:39.056173Z"
"AAPL",10118,100,"019d96b9-e767-70bc-816d-f1442ec7701c","it1","mm4",1652,1600,true,"2026-04-16T14:37:39.056174Z"
"AAPL",10118,100,"019d96b9-e767-70bc-82f8-55512c5800c8","it1","mm2",1652,1628,true,"2026-04-16T14:37:39.066235Z"
"GOOG",9871,48,"019d96b9-e769-7132-80e2-d941294a2ce1","it1","mm3",1653,1547,false,"2026-04-16T14:37:39.066237Z"
"GOOG",9871,100,"019d96b9-e769-7133-8021-9c4908226a0c","it1","mm1",1653,1577,false,"2026-04-16T14:37:39.066238Z"
"GOOG",9871,100,"019d96b9-e769-7133-8195-a24feca7b966","it1","mm4",1653,1616,false,"2026-04-16T14:37:39.066240Z"
"GOOG",9871,100,"019d96b9-e769-7134-806c-52b4953b1d17","it1","mm2",1653,1637,false,"2026-04-16T14:37:39.066241Z"
"GME",9833,56,"019d96b9-e9a7-739c-8090-96423c478779","nt4","mm3",1778,1655,false,"2026-04-16T14:37:39.631268Z"
"GME",9833,44,"019d96b9-eb34-72c8-804d-154fb93700a5","it1","mm3",1779,1655,false,"2026-04-16T14:37:40.023426Z"
"GME",9833,100,"019d96b9-eb34-72ca-80ad-e079677a00be","it1","mm1",1779,1685,false,"2026-04-16T14:37:40.033513Z"
"GME",9833,100,"019d96b9-eb34-72cb-80c2-40f96fbd3fd0","it1","mm4",1779,1700,false,"2026-04-16T14:37:40.033515Z"
"GME",9833,100,"019d96b9-eb34-72cc-804d-d2856c15e1c3","it1","mm2",1779,1717,false,"2026-04-16T14:37:40.033516Z"
"AAPL",10129,100,"019d96b9-eb35-700b-8051-a50e69a0ee5e","it1","mm3",1780,1666,true,"2026-04-16T14:37:40.033518Z"
"AAPL",10129,100,"019d96b9-eb35-700c-8053-4c707144a60a","it1","mm1",1780,1696,true,"2026-04-16T14:37:40.033519Z"
"AAPL",10129,100,"019d96b9-eb35-700c-81e8-c87e370f5477","it1","mm4",1780,1728,true,"2026-04-16T14:37:40.033521Z"
"AAPL",10129,100,"019d96b9-eb35-700d-8086-5089220e1479","it1","mm2",1780,1756,true,"2026-04-16T14:37:40.033522Z"
"GOOG",9859,100,"019d96b9-eb37-7122-801d-0b8d0078f313","it1","mm3",1781,1675,false,"2026-04-16T14:37:40.043583Z"
"GOOG",9859,100,"019d96b9-eb37-7123-8044-e994b4d8dc4c","it1","mm1",1781,1706,false,"2026-04-16T14:37:40.043585Z"
"GOOG",9859,100,"019d96b9-eb37-7124-8007-12cf015c2ca2","it1","mm4",1781,1745,false,"2026-04-16T14:37:40.043586Z"
"GOOG",9859,100,"019d96b9-eb37-7124-8109-63515a778f6a","it1","mm2",1781,1765,false,"2026-04-16T14:37:40.043587Z"
"GOOG",9851,51,"019d96b9-ee50-739d-8056-500af6c81fc1","nt4","it1",1906,1905,true,"2026-04-16T14:37:40.818313Z"
"GME",9820,57,"019d96b9-ef1e-7344-80c2-c4e36bac2866","it1","nt4",1907,368,false,"2026-04-16T14:37:41.029480Z"
"AAPL",10141,100,"019d96b9-ef20-73a2-8078-57c053017d75","it1","mm3",1908,1794,true,"2026-04-16T14:37:41.029486Z"
"AAPL",10141,100,"019d96b9-ef20-73a4-80b3-dbc89e372e4c","it1","mm1",1908,1824,true,"2026-04-16T14:37:41.029487Z"
"AAPL",10141,100,"019d96b9-ef20-73a5-8094-bbfe10efc401","it1","mm2",1908,1859,true,"2026-04-16T14:37:41.029489Z"
"AAPL",10141,100,"019d96b9-ef20-73a5-81ff-e73c5436024f","it1","mm4",1908,1884,true,"2026-04-16T14:37:41.039573Z"
"GOOG",9846,100,"019d96b9-ef21-713c-80de-0f2f83ac516d","it1","mm3",1909,1803,false,"2026-04-16T14:37:41.039576Z"
"GOOG",9846,100,"019d96b9-ef21-713d-80e4-b270ce5b7916","it1","mm1",1909,1837,false,"2026-04-16T14:37:41.039577Z"
"GOOG",9846,100,"019d96b9-ef21-713e-80ac-ca20c8f72aaa","it1","mm2",1909,1868,false,"2026-04-16T14:37:41.039579Z"
"GOOG",9846,100,"019d96b9-ef21-713f-808e-85c4c9bc8fd9","it1","mm4",1909,1893,false,"2026-04-16T14:37:41.039580Z"
"GME",9806,100,"019d96b9-f307-71f6-8038-708b5a30388a","it1","mm3",2033,1910,false,"2026-04-16T14:37:42.025535Z"
"GME",9806,100,"019d96b9-f307-71f9-8006-ed49c736b540","it1","mm1",2033,1972,false,"2026-04-16T14:37:42.035620Z"
"AAPL",10153,100,"019d96b9-f308-7011-80a3-b0efc3d64626","it1","mm3",2034,1921,true,"2026-04-16T14:37:42.035624Z"
"GOOG",9833,100,"019d96b9-f30a-717c-80ba-298a3119b628","it1","mm3",2035,1930,false,"2026-04-16T14:37:42.035625Z"
"GME",9806,52,"019d96b9-f30c-718a-805d-6487f20e7684","nt3","it1",2036,2033,true,"2026-04-16T14:37:42.035626Z"
"GME",9796,100,"019d96b9-f6f1-73dd-80b6-21ffe9339bb1","it1","mm3",2161,2037,false,"2026-04-16T14:37:43.031531Z"
"AAPL",10165,100,"019d96b9-f6f2-7006-8012-2f90193f63be","it1","mm3",2162,2048,true,"2026-04-16T14:37:43.031533Z"
"GOOG",9821,100,"019d96b9-f6f2-700c-8038-b52d007ab841","it1","mm3",2163,2057,false,"2026-04-16T14:37:43.031535Z"
"AAPL",10165,74,"019d96b9-f721-73d5-80e7-9b155a04c487","nt2","it1",2164,2162,false,"2026-04-16T14:37:43.081841Z"
"AAPL",10170,54,"019d96b9-fa88-708b-80fa-ecb123a58552","nt3","it1",2289,2287,false,"2026-04-16T14:37:43.947208Z"
"AAPL",10182,100,"019d96b9-fadb-72f7-80e6-9f224819fc91","it1","mm3",2291,2177,true,"2026-04-16T14:37:44.037794Z"
"AAPL",10182,100,"019d96b9-fadb-72f8-80db-259a31d14645","it1","mm1",2291,2210,true,"2026-04-16T14:37:44.037796Z"
"AAPL",10182,100,"019d96b9-fadb-72f9-80ed-5155b99a3871","it1","mm2",2291,2227,true,"2026-04-16T14:37:44.037797Z"
"AAPL",10182,100,"019d96b9-fadb-72fa-80e2-8252065643af","it1","mm4",2291,2267,true,"2026-04-16T14:37:44.037799Z"
"GME",9770,58,"019d96b9-fd98-703b-802c-0d5aa875adb3","nt1","mm3",2416,2293,false,"2026-04-16T14:37:44.732106Z"
"AAPL",10200,100,"019d96b9-fec4-71b8-80e3-5935065b61ee","it1","mm3",2419,2304,true,"2026-04-16T14:37:45.033747Z"
"AAPL",10200,100,"019d96b9-fec4-71ba-8039-8583fd5bd6b6","it1","mm1",2419,2336,true,"2026-04-16T14:37:45.033748Z"
"AAPL",10200,100,"019d96b9-fec4-71bb-8003-1dce00dada8a","it1","mm2",2419,2352,true,"2026-04-16T14:37:45.033750Z"
"AAPL",10200,100,"019d96b9-fec4-71bc-80e9-a691a19365b7","it1","mm4",2419,2369,true,"2026-04-16T14:37:45.043827Z"
"GOOG",9790,51,"019d96ba-0245-7025-802a-f3f52694926a","nt3","mm3",2545,2441,false,"2026-04-16T14:37:45.929350Z"
"AAPL",10219,100,"019d96ba-02ad-718e-804b-c1bc20458ad8","it1","mm3",2547,2432,true,"2026-04-16T14:37:46.039988Z"
"AAPL",10219,100,"019d96ba-02ad-7190-800c-bccb5bca99c4","it1","mm1",2547,2466,true,"2026-04-16T14:37:46.039990Z"
"AAPL",10219,100,"019d96ba-02ad-7191-8029-a931171e04c3","it1","mm2",2547,2494,true,"2026-04-16T14:37:46.039992Z"
"AAPL",10219,100,"019d96ba-02ad-7192-8087-6751f0fa005b","it1","mm4",2547,2522,true,"2026-04-16T14:37:46.039993Z"
"GOOG",9790,49,"019d96ba-043a-7049-80aa-89d60176d51b","nt2","mm3",2549,2441,false,"2026-04-16T14:37:46.432095Z"
"GOOG",9790,13,"019d96ba-043a-704b-80c3-b4b5d3057e84","nt2","mm1",2549,2475,false,"2026-04-16T14:37:46.432097Z"
"AAPL",10227,150,"019d96ba-04c8-7382-802e-d4c8edcb4bd4","it1","mm2",2616,2496,true,"2026-04-16T14:37:46.573153Z"
"AAPL",10227,150,"019d96ba-04c8-7383-802f-401436a85852","it1","mm4",2616,2524,true,"2026-04-16T14:37:46.573157Z"
"AAPL",10227,105,"019d96ba-063a-736d-806c-0e751182d837","nt2","it1",2673,2616,false,"2026-04-16T14:37:46.945420Z"
"AAPL",10238,100,"019d96ba-0696-73a9-805e-627cec0898a9","it1","mm3",2675,2561,true,"2026-04-16T14:37:47.035872Z"
"AAPL",10238,100,"019d96ba-0696-73aa-806c-c335ccf87d00","it1","mm1",2675,2596,true,"2026-04-16T14:37:47.035874Z"
"AAPL",10238,100,"019d96ba-0696-73ab-8063-c3fb3c6ff00d","it1","mm2",2675,2624,true,"2026-04-16T14:37:47.035875Z"
"AAPL",10238,100,"019d96ba-0696-73ab-8154-57741fbd9773","it1","mm4",2675,2654,true,"2026-04-16T14:37:47.045933Z"
"GOOG",9815,50,"019d96ba-0706-7011-8071-51ce9d315991","nt2","it1",2677,2288,true,"2026-04-16T14:37:47.146511Z"
"GOOG",9815,52,"019d96ba-0768-7012-80fa-64e03b75f41e","nt2","it1",2678,2288,true,"2026-04-16T14:37:47.247087Z"
"AAPL",10246,150,"019d96ba-08ab-7268-80a8-36d44eb6aed8","it1","mm2",2740,2636,true,"2026-04-16T14:37:47.569130Z"
"AAPL",10246,150,"019d96ba-08ab-7269-8054-f2c3434c74fb","it1","mm4",2740,2656,true,"2026-04-16T14:37:47.569132Z"
"GOOG",9786,62,"019d96ba-0a4d-71a2-8051-5aae1da8737a","nt3","mm3",2802,2699,false,"2026-04-16T14:37:47.991643Z"
"AAPL",10258,100,"019d96ba-0a82-7191-8056-0dc26d660c88","it1","mm3",2804,2690,true,"2026-04-16T14:37:48.042160Z"
"AAPL",10258,100,"019d96ba-0a82-7192-80bc-a113e418dff8","it1","mm1",2804,2720,true,"2026-04-16T14:37:48.042161Z"
"AAPL",10258,100,"019d96ba-0a82-7193-80d6-4c4bf997173a","it1","mm4",2804,2763,true,"2026-04-16T14:37:48.042163Z"
"AAPL",10258,100,"019d96ba-0a82-7194-8020-3c8017daa52b","it1","mm2",2804,2773,true,"2026-04-16T14:37:48.042164Z"
"AAPL",10278,100,"019d96ba-0e6b-71b6-809b-acfbd73f9415","it1","mm3",2930,2817,true,"2026-04-16T14:37:49.038050Z"
"AAPL",10278,100,"019d96ba-0e6b-71b7-8067-5c11523d2854","it1","mm1",2930,2847,true,"2026-04-16T14:37:49.048130Z"
"AAPL",10278,100,"019d96ba-0e6b-71b8-802d-8b512f7815e1","it1","mm2",2930,2880,true,"2026-04-16T14:37:49.048132Z"
"AAPL",10278,100,"019d96ba-0e6b-71b9-80b7-feaad0201435","it1","mm4",2930,2910,true,"2026-04-16T14:37:49.048134Z"
"GME",9759,54,"019d96ba-0e99-719a-80a7-d91793411338","nt3","mm3",2932,2806,false,"2026-04-16T14:37:49.088361Z"
"GOOG",9786,100,"019d96ba-0ea7-702a-807d-4bbee5a53286","nt2","mm3",2933,2826,false,"2026-04-16T14:37:49.098425Z"
"GOOG",9786,23,"019d96ba-0ea7-702b-8080-ca60612e49a9","nt2","mm1",2933,2856,false,"2026-04-16T14:37:49.098426Z"
"AAPL",10287,150,"019d96ba-109b-7345-80e3-8cd7b951792d","it1","mm2",2995,2882,true,"2026-04-16T14:37:49.601372Z"
"AAPL",10287,150,"019d96ba-109b-7346-803c-97eeff95bbca","it1","mm4",2995,2912,true,"2026-04-16T14:37:49.601376Z"
"AAPL",10299,54,"019d96ba-1136-70a5-8063-6f0ab1442779","nt3","mm3",3057,2945,true,"2026-04-16T14:37:49.752434Z"
"AAPL",10299,46,"019d96ba-1253-732b-80d2-bf3f79efe74f","it1","mm3",3059,2945,true,"2026-04-16T14:37:50.043928Z"
"AAPL",10299,100,"019d96ba-1253-732c-80c8-3ef3d6a3c750","it1","mm1",3059,2958,true,"2026-04-16T14:37:50.043931Z"
"AAPL",10299,100,"019d96ba-1253-732d-804b-e97ddc5981f3","it1","mm2",3059,3008,true,"2026-04-16T14:37:50.043933Z"
"AAPL",10299,100,"019d96ba-1253-732e-8012-3b2535dabc39","it1","mm4",3059,3038,true,"2026-04-16T14:37:50.043934Z"
"AAPL",10307,150,"019d96ba-148f-72d5-809c-b5059871d3c8","it1","mm2",3122,3010,true,"2026-04-16T14:37:50.617183Z"
"AAPL",10307,150,"019d96ba-148f-72d7-80c9-6c0f1d51cc64","it1","mm4",3122,3040,true,"2026-04-16T14:37:50.617186Z"
"AAPL",10319,61,"019d96ba-150e-712b-80ac-e1dca1b2ece6","nt3","mm3",3184,3072,true,"2026-04-16T14:37:50.738805Z"
"GOOG",9785,62,"019d96ba-1570-734a-80b4-70a04f192d3f","nt4","mm1",3185,3101,false,"2026-04-16T14:37:50.839383Z"
"GOOG",9785,38,"019d96ba-15f1-7044-8032-378f2347e9cb","nt4","mm1",3186,3101,false,"2026-04-16T14:37:50.970095Z"
"GOOG",9785,41,"019d96ba-15f1-7046-80bf-d4c69cd35026","nt4","mm3",3186,3111,false,"2026-04-16T14:37:50.970097Z"
"AAPL",10319,39,"019d96ba-163d-701d-80dc-0ba5d4467aae","it1","mm3",3188,3072,true,"2026-04-16T14:37:51.040507Z"
"AAPL",10319,100,"019d96ba-163d-701e-80bd-475e9d37d107","it1","mm1",3188,3092,true,"2026-04-16T14:37:51.040511Z"
"AAPL",10319,100,"019d96ba-163d-701f-80e1-d4a62f6a0576","it1","mm2",3188,3135,true,"2026-04-16T14:37:51.050569Z"
"GME",9786,100,"019d96ba-1783-7041-8061-b76bf105694a","nt4","mm3",3190,3062,true,"2026-04-16T14:37:51.372261Z"
"GME",9786,2,"019d96ba-1783-7042-8072-f49b0f7b4182","nt4","mm1",3190,3082,true,"2026-04-16T14:37:51.372263Z"
"AAPL",10320,100,"019d96ba-1884-718f-8092-473506ffdc99","it1","mm4",3252,3165,true,"2026-04-16T14:37:51.623890Z"
"GOOG",9812,53,"019d96ba-19da-7080-8067-995b3ea8ca88","nt1","mm3",3314,3230,true,"2026-04-16T14:37:51.965930Z"
"AAPL",10336,100,"019d96ba-1a27-73b7-80fa-9264bdcd9005","it1","mm1",3316,3202,true,"2026-04-16T14:37:52.046403Z"
"AAPL",10336,100,"019d96ba-1a27-73b8-80e7-167aecdfe48d","it1","mm3",3316,3220,true,"2026-04-16T14:37:52.046407Z"
"AAPL",10336,100,"019d96ba-1a27-73b9-80ae-d2f229e1bee5","it1","mm2",3316,3265,true,"2026-04-16T14:37:52.046408Z"
"AAPL",10336,100,"019d96ba-1a27-73ba-803e-c94bb86d2692","it1","mm4",3316,3295,true,"2026-04-16T14:37:52.046410Z"
"GOOG",9812,47,"019d96ba-1b3c-7005-8056-62b3eee2e320","nt3","mm3",3318,3230,true,"2026-04-16T14:37:52.317862Z"
"GOOG",9812,42,"019d96ba-1b3c-7007-80e9-0c9fa48780a6","nt3","mm1",3318,3242,true,"2026-04-16T14:37:52.327943Z"
"AAPL",10344,150,"019d96ba-1c77-7368-804d-604777e39a57","it1","mm2",3380,3267,true,"2026-04-16T14:37:52.640949Z"
"AAPL",10344,150,"019d96ba-1c77-7369-8018-33c1bf450dd7","it1","mm4",3380,3297,true,"2026-04-16T14:37:52.640952Z"
"AAPL",10355,100,"019d96ba-1e25-73d9-806e-7063bf6fa439","it1","mm2",3444,3393,true,"2026-04-16T14:37:53.063657Z"
"AAPL",10356,100,"019d96ba-202b-70e0-80d4-aa425ca42e2e","it1","mm1",3448,3330,true,"2026-04-16T14:37:53.586648Z"
"AAPL",10356,100,"019d96ba-202b-70e1-8034-8573f59bfd61","it1","mm3",3448,3360,true,"2026-04-16T14:37:53.586652Z"
"AAPL",10356,100,"019d96ba-202b-70e2-800f-7b5c7ab98152","it1","mm4",3448,3423,true,"2026-04-16T14:37:53.586655Z"
"AAPL",10370,100,"019d96ba-2210-7198-8031-6de25fa90e56","it1","mm1",3570,3461,true,"2026-04-16T14:37:54.070077Z"
"AAPL",10370,100,"019d96ba-2210-719a-80f2-e8c83226feed","it1","mm3",3570,3488,true,"2026-04-16T14:37:54.070079Z"
"AAPL",10370,100,"019d96ba-2210-719b-8011-0b8e8b86b372","it1","mm2",3570,3520,true,"2026-04-16T14:37:54.070080Z"
"AAPL",10370,100,"019d96ba-2210-719b-81f0-5ed023a5b852","it1","mm4",3570,3550,true,"2026-04-16T14:37:54.080166Z"
"AAPL",10378,52,"019d96ba-2225-7067-802a-df2bb3130a64","nt2","mm1",3572,3463,true,"2026-04-16T14:37:54.090231Z"
"AAPL",10378,98,"019d96ba-2418-71c4-8022-01247568c96a","it1","mm1",3584,3463,true,"2026-04-16T14:37:54.593286Z"
"AAPL",10378,150,"019d96ba-2418-71c5-801e-81a2416d4b2d","it1","mm3",3584,3490,true,"2026-04-16T14:37:54.593289Z"
"AAPL",10378,150,"019d96ba-2418-71c5-810c-aac7f3df0647","it1","mm2",3584,3522,true,"2026-04-16T14:37:54.593293Z"
"AAPL",10378,102,"019d96ba-2418-71c6-8008-2948440b5951","it1","mm4",3584,3552,true,"2026-04-16T14:37:54.593296Z"
"GME",9783,51,"019d96ba-249a-736e-80d5-2ed3a5279ce5","nt4","mm4",3645,3540,true,"2026-04-16T14:37:54.724416Z"
"GME",9757,51,"019d96ba-25ed-7340-800c-4fd8c28ca2d2","nt1","mm3",3697,3573,false,"2026-04-16T14:37:55.056429Z"
"AAPL",10388,100,"019d96ba-25f9-71a3-8044-d74f7fe51116","it1","mm1",3699,3597,true,"2026-04-16T14:37:55.066511Z"
"AAPL",10388,100,"019d96ba-25f9-71a5-80f6-99c59ce0f0bb","it1","mm3",3699,3617,true,"2026-04-16T14:37:55.086631Z"
"AAPL",10388,100,"019d96ba-25f9-71a6-80ad-e3bcab66ed7d","it1","mm2",3699,3648,true,"2026-04-16T14:37:55.096689Z"
"AAPL",10388,100,"019d96ba-25f9-71a7-805c-f6ff3a266379","it1","mm4",3699,3678,true,"2026-04-16T14:37:55.106753Z"
"AAPL",10395,150,"019d96ba-27ee-73bb-8018-0834cce49720","it1","mm1",3702,3599,true,"2026-04-16T14:37:55.569262Z"
"AAPL",10395,150,"019d96ba-27ee-73bd-80f2-a21171157733","it1","mm3",3702,3619,true,"2026-04-16T14:37:55.579358Z"
"AAPL",10395,150,"019d96ba-27ee-73be-80f3-2e3278dc0ca6","it1","mm2",3702,3650,true,"2026-04-16T14:37:55.589424Z"
"AAPL",10395,50,"019d96ba-27ee-73c0-8050-dbdd240bbeea","it1","mm4",3702,3680,true,"2026-04-16T14:37:55.599488Z"
"GME",9757,53,"019d96ba-2b3f-7004-80d9-a65f70627b09","nt1","mm1",3828,3704,false,"2026-04-16T14:37:56.417533Z"
"AAPL",10404,100,"019d96ba-2bda-7002-80e5-95b7067b51a7","it1","mm1",3830,3715,true,"2026-04-16T14:37:56.578431Z"
"AAPL",10404,100,"019d96ba-2bda-7003-8057-9bcc4ab3ef6d","it1","mm3",3830,3745,true,"2026-04-16T14:37:56.578433Z"
"AAPL",10404,100,"019d96ba-2bda-7004-8012-65820239cabb","it1","mm2",3830,3775,true,"2026-04-16T14:37:56.578435Z"
"AAPL",10404,100,"019d96ba-2bda-7004-81f3-95773edb43fe","it1","mm4",3830,3805,true,"2026-04-16T14:37:56.578436Z"
"AAPL",10411,100,"019d96ba-2dce-73a4-809c-4d4a8aab4c17","it1","mm1",3955,3843,true,"2026-04-16T14:37:57.079367Z"
"AAPL",10411,100,"019d96ba-2dce-73a6-80e2-38dc68e71da8","it1","mm3",3955,3874,true,"2026-04-16T14:37:57.079369Z"
"AAPL",10411,100,"019d96ba-2dce-73a7-80f2-2bd5a87a8d2c","it1","mm2",3955,3904,true,"2026-04-16T14:37:57.079370Z"
"AAPL",10411,100,"019d96ba-2dce-73a7-8195-7222392c6d03","it1","mm4",3955,3934,true,"2026-04-16T14:37:57.079372Z"
"AAPL",10411,64,"019d96ba-2e6f-73a7-80f4-8363b02bd63b","nt3","it1",3957,3955,false,"2026-04-16T14:37:57.240253Z"
"AAPL",10417,150,"019d96ba-2fc3-7264-80a4-106c31b40e58","it1","mm1",3959,3845,true,"2026-04-16T14:37:57.582183Z"
"AAPL",10417,150,"019d96ba-2fc3-7266-802f-db567f42b043","it1","mm3",3959,3876,true,"2026-04-16T14:37:57.582185Z"
"AAPL",10417,150,"019d96ba-2fc3-7267-80cc-340839b968db","it1","mm2",3959,3906,true,"2026-04-16T14:37:57.582187Z"
"AAPL",10417,50,"019d96ba-2fc3-7268-803f-c8dbc9ff220d","it1","mm4",3959,3936,true,"2026-04-16T14:37:57.582188Z"
"AAPL",10426,100,"019d96ba-31b9-73ae-80c6-9c83da312d31","it1","mm1",4083,3973,true,"2026-04-16T14:37:58.075481Z"
"AAPL",10426,100,"019d96ba-31b9-73af-807c-f1bb41078373","it1","mm3",4083,4003,true,"2026-04-16T14:37:58.105678Z"
"AAPL",10426,100,"019d96ba-31b9-73b0-800a-ddf8b02673a0","it1","mm2",4083,4033,true,"2026-04-16T14:37:58.105681Z"
"AAPL",10426,100,"019d96ba-31b9-73b0-8178-4944360fd4d0","it1","mm4",4083,4063,true,"2026-04-16T14:37:58.105682Z"
"AAPL",10426,58,"019d96ba-328f-73e7-8033-78e64b176a56","nt4","it1",4085,4083,false,"2026-04-16T14:37:58.296694Z"
"AAPL",10432,150,"019d96ba-33b1-73cc-80e8-5f94b9b3a60f","it1","mm1",4088,3975,true,"2026-04-16T14:37:58.588289Z"
"AAPL",10432,150,"019d96ba-33b1-73ce-80fa-b70aaa7adaae","it1","mm3",4088,4005,true,"2026-04-16T14:37:58.588291Z"
"AAPL",10432,150,"019d96ba-33b1-73cf-8071-56fd99cab381","it1","mm2",4088,4035,true,"2026-04-16T14:37:58.588293Z"
"AAPL",10432,50,"019d96ba-33b1-73cf-8113-b577794b7303","it1","mm4",4088,4065,true,"2026-04-16T14:37:58.588294Z"
"GME",9780,52,"019d96ba-34f6-7399-80e4-2ce8adb0bf62","nt3","mm1",4210,4091,true,"2026-04-16T14:37:58.910643Z"
"AAPL",10441,100,"019d96ba-35a1-73a6-80e0-e2e64ca5b90a","it1","mm1",4212,4101,true,"2026-04-16T14:37:59.081606Z"
"AAPL",10441,100,"019d96ba-35a1-73a8-80df-4a01d03f1c6e","it1","mm3",4212,4131,true,"2026-04-16T14:37:59.081607Z"
"AAPL",10441,100,"019d96ba-35a1-73a9-800a-b995c1dc7dcf","it1","mm2",4212,4161,true,"2026-04-16T14:37:59.081609Z"
"AAPL",10441,100,"019d96ba-35a1-73a9-81e6-231b9c95f35e","it1","mm4",4212,4191,true,"2026-04-16T14:37:59.081610Z"
"GME",9780,48,"019d96ba-371e-7340-8080-14427ea672a5","nt3","mm1",4214,4091,true,"2026-04-16T14:37:59.463647Z"
"GME",9780,5,"019d96ba-371e-7342-80fb-aa81dcc0ae7b","nt3","mm3",4214,4121,true,"2026-04-16T14:37:59.463649Z"
"AAPL",10447,150,"019d96ba-3796-7055-80b6-e8077a4b15d8","it1","mm1",4216,4103,true,"2026-04-16T14:37:59.584350Z"
"AAPL",10447,150,"019d96ba-3796-7057-8059-685fc34e7857","it1","mm3",4216,4133,true,"2026-04-16T14:37:59.584352Z"
"AAPL",10447,150,"019d96ba-3796-7058-80b4-940b5a7934f4","it1","mm2",4216,4163,true,"2026-04-16T14:37:59.584353Z"
"AAPL",10447,50,"019d96ba-3796-7059-801e-efc64ad88ae5","it1","mm4",4216,4193,true,"2026-04-16T14:37:59.584354Z"
"AAPL",10456,100,"019d96ba-398b-706f-8063-c0ade4c8e3e3","it1","mm1",4340,4229,true,"2026-04-16T14:38:00.078448Z"
"AAPL",10456,100,"019d96ba-398b-7070-802f-d2c43024ac7d","it1","mm3",4340,4259,true,"2026-04-16T14:38:00.078452Z"
"AAPL",10456,100,"019d96ba-398b-7071-8092-cc07f93aa0de","it1","mm2",4340,4289,true,"2026-04-16T14:38:00.088510Z"
"AAPL",10456,100,"019d96ba-398b-7072-808e-280e94917542","it1","mm4",4340,4319,true,"2026-04-16T14:38:00.088512Z"
"GOOG",9807,53,"019d96ba-3a21-703e-80eb-c100cd6ad768","nt3","mm1",4343,4239,true,"2026-04-16T14:38:00.229323Z"
"AAPL",10457,97,"019d96ba-3b80-71d4-8041-28fd88015831","it1","nt3",4345,883,true,"2026-04-16T14:38:00.581158Z"
"AAPL",10468,100,"019d96ba-3d80-73e4-8067-cc792734b593","it1","mm1",4468,4358,true,"2026-04-16T14:38:01.094491Z"
"AAPL",10468,100,"019d96ba-3d80-73e6-8036-4b5f0a21c859","it1","mm3",4468,4388,true,"2026-04-16T14:38:01.094493Z"
"AAPL",10468,100,"019d96ba-3d80-73e6-8192-b0f933875dc8","it1","mm2",4468,4418,true,"2026-04-16T14:38:01.094494Z"
"AAPL",10468,100,"019d96ba-3d80-73e7-804c-e607be02befc","it1","mm4",4468,4448,true,"2026-04-16T14:38:01.094495Z"
"GME",9755,100,"019d96ba-3dc3-7005-80cd-3e5e191060c5","nt2","mm1",4470,4347,false,"2026-04-16T14:38:01.164919Z"
"GME",9755,16,"019d96ba-3dc3-7006-80c1-013fedc9a159","nt2","mm3",4470,4377,false,"2026-04-16T14:38:01.164921Z"
"AAPL",10474,150,"019d96ba-3f75-728f-806d-57e7b41a330e","it1","mm1",4472,4360,true,"2026-04-16T14:38:01.597269Z"
"AAPL",10474,150,"019d96ba-3f75-7291-800f-2b3c67b6491e","it1","mm3",4472,4390,true,"2026-04-16T14:38:01.597271Z"
"AAPL",10474,150,"019d96ba-3f75-7291-8147-36ff5d8bbe62","it1","mm2",4472,4420,true,"2026-04-16T14:38:01.607354Z"
"AAPL",10474,50,"019d96ba-3f75-7293-80ba-47a6a5151ab5","it1","mm4",4472,4450,true,"2026-04-16T14:38:01.627470Z"
"GOOG",9806,51,"019d96ba-4135-73a7-80f9-cc208d1a0544","nt2","mm1",4594,4495,true,"2026-04-16T14:38:02.040281Z"
"AAPL",10483,100,"019d96ba-4178-73a5-807c-be27ff73df52","it1","mm1",4596,4485,true,"2026-04-16T14:38:02.110696Z"
"AAPL",10483,100,"019d96ba-4178-73a6-80ae-aabfe88ac4fb","it1","mm3",4596,4515,true,"2026-04-16T14:38:02.110698Z"
"AAPL",10483,100,"019d96ba-4178-73a7-80a5-60b34bcb3490","it1","mm2",4596,4545,true,"2026-04-16T14:38:02.110699Z"
"AAPL",10483,100,"019d96ba-4178-73a8-80f2-cfbc8742232c","it1","mm4",4596,4575,true,"2026-04-16T14:38:02.120757Z"
"GOOG",9806,49,"019d96ba-41ec-739b-8067-3cf9fe8d08ac","nt2","mm1",4598,4495,true,"2026-04-16T14:38:02.231386Z"
"GOOG",9806,15,"019d96ba-41ec-739d-8035-07b4b5775d3b","nt2","mm3",4598,4525,true,"2026-04-16T14:38:02.231388Z"
"GME",9754,81,"019d96ba-434e-73e0-802a-1734443ef582","nt2","mm1",4599,4474,false,"2026-04-16T14:38:02.583256Z"
"AAPL",10489,150,"019d96ba-4370-73ab-80a8-26d8821e758a","it1","mm1",4601,4487,true,"2026-04-16T14:38:02.613460Z"
"AAPL",10489,150,"019d96ba-4370-73ac-802d-24ae021742e7","it1","mm3",4601,4517,true,"2026-04-16T14:38:02.613462Z"
"AAPL",10489,150,"019d96ba-4370-73ad-8051-a084cb0b76ec","it1","mm2",4601,4547,true,"2026-04-16T14:38:02.613464Z"
"AAPL",10489,50,"019d96ba-4370-73ae-806a-4c8468f9044c","it1","mm4",4601,4577,true,"2026-04-16T14:38:02.623527Z"
"GOOG",9781,90,"019d96ba-4376-73a4-80f1-6776e74106b2","nt1","mm1",4603,4494,false,"2026-04-16T14:38:02.623529Z"
"AAPL",10498,100,"019d96ba-4565-737f-802f-1b5007e14f5c","it1","mm1",4726,4615,true,"2026-04-16T14:38:03.116804Z"
"AAPL",10498,100,"019d96ba-4565-7381-8040-2a5271c08719","it1","mm3",4726,4645,true,"2026-04-16T14:38:03.116806Z"
"AAPL",10498,100,"019d96ba-4565-7382-803d-56721cd9e864","it1","mm2",4726,4675,true,"2026-04-16T14:38:03.116808Z"
"AAPL",10498,100,"019d96ba-4565-7382-81ea-c6c5912ce5f1","it1","mm4",4726,4705,true,"2026-04-16T14:38:03.116809Z"
"GME",9754,58,"019d96ba-45ea-70cb-8085-fd3f96d16709","nt3","mm1",4728,4604,false,"2026-04-16T14:38:03.247539Z"
"GME",9778,62,"019d96ba-46c1-72db-801f-684789ac13af","nt2","mm1",4729,4605,true,"2026-04-16T14:38:03.458726Z"
"GOOG",9805,92,"019d96ba-4709-7084-80f3-1fa4890a56cc","nt1","mm1",4730,4625,true,"2026-04-16T14:38:03.539199Z"
"AAPL",10504,150,"019d96ba-4758-73a1-8089-f46782232464","it1","mm1",4733,4617,true,"2026-04-16T14:38:03.619686Z"
"AAPL",10504,150,"019d96ba-4758-73a3-8031-853e4ae50587","it1","mm3",4733,4647,true,"2026-04-16T14:38:03.619688Z"
"AAPL",10504,150,"019d96ba-4758-73a3-81e0-3fbd0fc1b044","it1","mm2",4733,4677,true,"2026-04-16T14:38:03.619690Z"
"AAPL",10504,50,"019d96ba-4758-73a4-80d3-afe17a2def47","it1","mm4",4733,4707,true,"2026-04-16T14:38:03.619691Z"
"AAPL",10513,100,"019d96ba-4b54-700c-80e8-597cc9c27387","it1","mm1",4860,4746,true,"2026-04-16T14:38:04.635842Z"
"AAPL",10513,100,"019d96ba-4b54-700d-80b3-820c09b1225c","it1","mm3",4860,4776,true,"2026-04-16T14:38:04.635844Z"
"AAPL",10513,100,"019d96ba-4b54-700e-80d7-0e07d3b73247","it1","mm2",4860,4806,true,"2026-04-16T14:38:04.635846Z"
"AAPL",10513,100,"019d96ba-4b54-700f-80d8-1ffa199fd84b","it1","mm4",4860,4836,true,"2026-04-16T14:38:04.635847Z"
"GME",9753,62,"019d96ba-4d1c-7001-80ce-538e2b29db77","nt3","mm1",4982,4862,false,"2026-04-16T14:38:05.088926Z"
"AAPL",10520,100,"019d96ba-4d49-73d4-80b4-ea8394fad065","it1","mm1",4984,4873,true,"2026-04-16T14:38:05.139230Z"
"AAPL",10520,100,"019d96ba-4d49-73d6-80ee-8caf69a8984a","it1","mm3",4984,4903,true,"2026-04-16T14:38:05.139232Z"
"AAPL",10520,100,"019d96ba-4d49-73d6-8135-3a6148606de9","it1","mm2",4984,4933,true,"2026-04-16T14:38:05.139235Z"
"AAPL",10520,100,"019d96ba-4d49-73d7-80f9-2f79f92683e2","it1","mm4",4984,4963,true,"2026-04-16T14:38:05.139237Z"
"AAPL",10526,150,"019d96ba-4f3f-700e-8090-16e143789930","it1","mm1",4987,4875,true,"2026-04-16T14:38:05.642031Z"
"AAPL",10526,150,"019d96ba-4f3f-7010-8072-19d06776ee87","it1","mm3",4987,4905,true,"2026-04-16T14:38:05.642033Z"
"AAPL",10526,150,"019d96ba-4f3f-7011-80d3-5b813b798052","it1","mm2",4987,4935,true,"2026-04-16T14:38:05.642034Z"
"AAPL",10526,50,"019d96ba-4f3f-7012-8056-08e02937fe3f","it1","mm4",4987,4965,true,"2026-04-16T14:38:05.642036Z"
"AAPL",10535,100,"019d96ba-5134-702b-80f5-54d4bc4db265","it1","mm1",5110,5000,true,"2026-04-16T14:38:06.135635Z"
"AAPL",10535,100,"019d96ba-5134-702d-80e3-e0c6d1a9f1d4","it1","mm3",5110,5030,true,"2026-04-16T14:38:06.135637Z"
"AAPL",10535,100,"019d96ba-5134-702d-8150-5dc78aac7f94","it1","mm2",5110,5060,true,"2026-04-16T14:38:06.145711Z"
"AAPL",10535,100,"019d96ba-5134-702e-801a-65a47129947e","it1","mm4",5110,5089,true,"2026-04-16T14:38:06.145713Z"
"GOOG",9779,55,"019d96ba-52e5-73af-80b5-cde3233e5533","nt2","mm1",5112,5009,false,"2026-04-16T14:38:06.567981Z"
"AAPL",10541,150,"019d96ba-5328-71e0-8074-c2db73291441","it1","mm1",5114,5002,true,"2026-04-16T14:38:06.638400Z"
"AAPL",10541,150,"019d96ba-5328-71e2-8010-146df1760ed8","it1","mm3",5114,5032,true,"2026-04-16T14:38:06.638401Z"
"AAPL",10541,150,"019d96ba-5328-71e3-8086-4f18d20c34e6","it1","mm2",5114,5062,true,"2026-04-16T14:38:06.638403Z"
"AAPL",10541,50,"019d96ba-5328-71e3-8132-6f0453940b50","it1","mm4",5114,5091,true,"2026-04-16T14:38:06.638404Z"
"GOOG",9803,52,"019d96ba-5476-7321-8023-469ea164538a","nt1","mm1",5236,5137,true,"2026-04-16T14:38:06.972361Z"
"AAPL",10550,100,"019d96ba-5526-73ad-804d-8fcb352923f1","it1","mm1",5238,5127,true,"2026-04-16T14:38:07.153476Z"
"AAPL",10550,100,"019d96ba-5526-73ae-804c-085f16023bd8","it1","mm3",5238,5157,true,"2026-04-16T14:38:07.153478Z"
"AAPL",10550,100,"019d96ba-5526-73af-80b8-90ec955befad","it1","mm4",5238,5187,true,"2026-04-16T14:38:07.153480Z"
"AAPL",10550,100,"019d96ba-5526-73af-810f-19948f4cbb7a","it1","mm2",5238,5217,true,"2026-04-16T14:38:07.153481Z"
"AAPL",10556,75,"019d96ba-5573-7399-80c1-bd22b81a2c33","nt1","mm1",5240,5129,true,"2026-04-16T14:38:07.223871Z"
"GME",9752,66,"019d96ba-55f9-70af-80ef-aa8ff41c4c6f","nt2","mm1",5241,5116,false,"2026-04-16T14:38:07.354615Z"
"AAPL",10556,75,"019d96ba-571b-72bb-801a-9dc8ae58d574","it1","mm1",5243,5129,true,"2026-04-16T14:38:07.646154Z"
"AAPL",10556,150,"019d96ba-571b-72bc-80c6-0e9cf1c5ee39","it1","mm3",5243,5159,true,"2026-04-16T14:38:07.656239Z"
"AAPL",10556,150,"019d96ba-571b-72be-8076-6c3bb29b5c36","it1","mm4",5243,5189,true,"2026-04-16T14:38:07.656242Z"
"AAPL",10556,125,"019d96ba-571b-72be-8156-4f26cf88fb1b","it1","mm2",5243,5219,true,"2026-04-16T14:38:07.656243Z"
"AAPL",10565,100,"019d96ba-5b06-73c2-809e-8a74017df8a1","it1","mm1",5369,5256,true,"2026-04-16T14:38:08.652162Z"
"AAPL",10565,100,"019d96ba-5b06-73c4-802e-63671c580a74","it1","mm3",5369,5286,true,"2026-04-16T14:38:08.652164Z"
"AAPL",10565,100,"019d96ba-5b06-73c5-801f-97394b9cd2d1","it1","mm4",5369,5316,true,"2026-04-16T14:38:08.652166Z"
"AAPL",10565,100,"019d96ba-5b06-73c6-803f-84887e93696c","it1","mm2",5369,5346,true,"2026-04-16T14:38:08.662261Z"
"AAPL",10575,100,"019d96ba-5ef9-7017-80c7-63fbc9c9dfe3","it1","mm1",5496,5382,true,"2026-04-16T14:38:09.662938Z"
"AAPL",10575,100,"019d96ba-5ef9-7018-8047-3b85bf7f9977","it1","mm3",5496,5412,true,"2026-04-16T14:38:09.662940Z"
"AAPL",10575,100,"019d96ba-5ef9-7019-80df-4bf343d341db","it1","mm4",5496,5442,true,"2026-04-16T14:38:09.662942Z"
"AAPL",10575,100,"019d96ba-5ef9-7019-81af-a7066221d49f","it1","mm2",5496,5472,true,"2026-04-16T14:38:09.662943Z"
"GOOG",9802,53,"019d96ba-611b-70b6-8075-b95a941de558","nt3","mm1",5621,5519,true,"2026-04-16T14:38:10.212452Z"
"GME",9775,60,"019d96ba-6241-7328-8052-035f40c256a0","nt1","mm1",5622,5499,true,"2026-04-16T14:38:10.504038Z"
"AAPL",10585,100,"019d96ba-62e2-718d-8062-d263a9bd48e0","it1","mm1",5624,5509,true,"2026-04-16T14:38:10.664927Z"
"AAPL",10585,100,"019d96ba-62e2-718f-8075-bc07823709c0","it1","mm3",5624,5539,true,"2026-04-16T14:38:10.664930Z"
"AAPL",10585,100,"019d96ba-62e2-718f-81bc-2028645d819b","it1","mm2",5624,5576,true,"2026-04-16T14:38:10.664931Z"
"AAPL",10585,100,"019d96ba-62e2-7190-80a6-d25d0e05c97d","it1","mm4",5624,5599,true,"2026-04-16T14:38:10.664933Z"
"AAPL",10595,100,"019d96ba-66cf-7025-805d-7d2fa43ddc7c","it1","mm1",5750,5637,true,"2026-04-16T14:38:11.670927Z"
"AAPL",10595,100,"019d96ba-66cf-7027-8022-7959c2e37a83","it1","mm3",5750,5667,true,"2026-04-16T14:38:11.670931Z"
"AAPL",10595,100,"019d96ba-66cf-7028-80fa-509317ae0af1","it1","mm4",5750,5697,true,"2026-04-16T14:38:11.670932Z"
"AAPL",10595,100,"019d96ba-66cf-7028-81b1-62ad2a5296d7","it1","mm2",5750,5727,true,"2026-04-16T14:38:11.670933Z"
"AAPL",10595,100,"019d96ba-6809-7295-803d-c385812f21ef","nt1","it1",5842,5750,false,"2026-04-16T14:38:11.993472Z"
"AAPL",10591,58,"019d96ba-6809-7296-8089-6e437e64f2fb","nt1","it1",5842,5747,false,"2026-04-16T14:38:12.003549Z"
"AAPL",10605,100,"019d96ba-6ab9-7336-802e-b30f9d9f1aa9","it1","mm1",5878,5763,true,"2026-04-16T14:38:12.667218Z"
"AAPL",10605,100,"019d96ba-6ab9-7337-8066-768b2abaebfc","it1","mm3",5878,5794,true,"2026-04-16T14:38:12.677304Z"
"AAPL",10605,100,"019d96ba-6ab9-7338-8087-9db9c766dd67","it1","mm4",5878,5824,true,"2026-04-16T14:38:12.677306Z"
"AAPL",10615,100,"019d96ba-6ec3-72ca-80a7-63d9e03feef5","it1","mm1",6004,5891,true,"2026-04-16T14:38:13.703316Z"
"AAPL",10615,100,"019d96ba-6ec3-72cc-8046-1a626e130a17","it1","mm3",6004,5921,true,"2026-04-16T14:38:13.703318Z"
"AAPL",10615,100,"019d96ba-6ec3-72cd-8036-557f788d3993","it1","mm4",6004,5951,true,"2026-04-16T14:38:13.713399Z"
"AAPL",10615,50,"019d96ba-6ef6-73a8-803b-234f2a420ab8","nt1","it1",6006,6004,false,"2026-04-16T14:38:13.753628Z"
"GME",9749,55,"019d96ba-70fc-70a1-80e2-6d9245a0d76c","nt1","nt1",6131,4338,false,"2026-04-16T14:38:14.276924Z"
"GME",9748,2,"019d96ba-70fc-70a3-8023-978136fa7700","nt1","mm3",6131,6007,false,"2026-04-16T14:38:14.276926Z"
"GOOG",9775,100,"019d96ba-724e-70d7-80d0-8abbe9ebfc2b","nt3","mm1",6132,6032,false,"2026-04-16T14:38:14.608755Z"
"GOOG",9775,9,"019d96ba-724e-70d8-804d-9d8a55798400","nt3","mm3",6132,6048,false,"2026-04-16T14:38:14.618835Z"
"AAPL",10624,100,"019d96ba-72ab-727b-8077-352ce6f45781","it1","mm1",6134,6023,true,"2026-04-16T14:38:14.709313Z"
"AAPL",10624,100,"019d96ba-72ab-727c-80f1-798cf416e88d","it1","mm3",6134,6039,true,"2026-04-16T14:38:14.709316Z"
"AAPL",10624,100,"019d96ba-72ab-727d-801e-d94869a0557b","it1","mm4",6134,6062,true,"2026-04-16T14:38:14.709318Z"
"AAPL",10633,100,"019d96ba-7694-7282-80fe-1957bb7c5ad0","it1","mm3",6263,6148,true,"2026-04-16T14:38:15.705310Z"
"AAPL",10638,64,"019d96ba-773e-70b3-80d0-9c107dc74c67","nt3","mm1",6265,6167,true,"2026-04-16T14:38:15.876255Z"
"GOOG",9799,50,"019d96ba-7836-7019-80b8-72cef07e2334","nt4","mm2",6370,6228,true,"2026-04-16T14:38:16.128037Z"
"AAPL",10647,100,"019d96ba-7a7f-7369-8039-0acbc29b5dbf","it1","mm1",6391,6277,true,"2026-04-16T14:38:16.711206Z"
"AAPL",10647,100,"019d96ba-7a7f-736a-803f-73b7992ec047","it1","mm3",6391,6307,true,"2026-04-16T14:38:16.711207Z"
"AAPL",10647,100,"019d96ba-7a7f-736b-8009-11fc3b58aedf","it1","mm2",6391,6341,true,"2026-04-16T14:38:16.711209Z"
"AAPL",10647,100,"019d96ba-7a7f-736b-81f4-d1fba482213c","it1","mm4",6391,6351,true,"2026-04-16T14:38:16.711210Z"
"AAPL",10662,100,"019d96ba-7e68-705a-80d6-c1d870a73a28","it1","mm1",6518,6404,true,"2026-04-16T14:38:17.709941Z"
"AAPL",10662,100,"019d96ba-7e68-705c-80cc-737091d67089","it1","mm3",6518,6438,true,"2026-04-16T14:38:17.709943Z"
"AAPL",10662,100,"019d96ba-7e68-705d-8070-d565cd624eb5","it1","mm2",6518,6467,true,"2026-04-16T14:38:17.709945Z"
"AAPL",10662,100,"019d96ba-7e68-705e-804b-8032811e3910","it1","mm4",6518,6494,true,"2026-04-16T14:38:17.719989Z"
"GOOG",9798,100,"019d96ba-824d-7366-8085-95ed406880d9","nt4","mm1",6643,6541,true,"2026-04-16T14:38:18.708256Z"
"GOOG",9798,6,"019d96ba-824d-7368-80c5-911a7be3069b","nt4","mm3",6643,6593,true,"2026-04-16T14:38:18.708258Z"
"AAPL",10677,100,"019d96ba-8276-7381-809c-6f7538cccb05","it1","mm1",6645,6531,true,"2026-04-16T14:38:18.748516Z"
"AAPL",10677,100,"019d96ba-8276-7383-8096-39ba6c9ae06c","it1","mm3",6645,6570,true,"2026-04-16T14:38:18.748519Z"
"AAPL",10677,100,"019d96ba-8276-7384-8048-e6e1f8901451","it1","mm4",6645,6585,true,"2026-04-16T14:38:18.748521Z"
"AAPL",10677,100,"019d96ba-8276-7385-8044-42ab7def55e7","it1","mm2",6645,6621,true,"2026-04-16T14:38:18.758585Z"
"GOOG",9773,59,"019d96ba-827c-7084-80ee-9541b5929ce4","nt4","mm1",6647,6540,false,"2026-04-16T14:38:18.758587Z"
"AAPL",10692,100,"019d96ba-863d-73b2-8013-b3bc90928158","it1","mm1",6772,6659,true,"2026-04-16T14:38:19.714261Z"
"AAPL",10692,100,"019d96ba-863d-73b4-8036-48abd2aa000f","it1","mm2",6772,6709,true,"2026-04-16T14:38:19.714263Z"
"AAPL",10692,100,"019d96ba-863d-73b5-8060-df440683186a","it1","mm3",6772,6719,true,"2026-04-16T14:38:19.714264Z"
"AAPL",10692,100,"019d96ba-863d-73b6-8055-ba910335cad1","it1","mm4",6772,6739,true,"2026-04-16T14:38:19.724862Z"
"GME",9739,68,"019d96ba-86f4-70b2-8019-ce2475fe67c3","nt1","mm1",6774,6648,false,"2026-04-16T14:38:19.895832Z"
"GME",9763,51,"019d96ba-8828-70ca-80a4-a54cf33be5b6","nt2","mm1",6895,6776,true,"2026-04-16T14:38:20.209022Z"
"AAPL",10698,83,"019d96ba-8930-738e-8033-436f9a3a330f","nt1","it1",6899,6897,false,"2026-04-16T14:38:20.470932Z"
"AAPL",10707,100,"019d96ba-8a24-7174-8053-3d8970e2f253","it1","mm1",6901,6786,true,"2026-04-16T14:38:20.712268Z"
"AAPL",10707,100,"019d96ba-8a24-7176-80c8-b887ca425bc4","it1","mm2",6901,6827,true,"2026-04-16T14:38:20.712271Z"
"AAPL",10707,100,"019d96ba-8a24-7176-814c-bb9092755d5c","it1","mm3",6901,6845,true,"2026-04-16T14:38:20.722346Z"
"AAPL",10707,100,"019d96ba-8a24-7177-804d-bee2617c15ef","it1","mm4",6901,6866,true,"2026-04-16T14:38:20.722348Z"
"AAPL",10713,52,"019d96ba-8b77-705b-8095-746b127e2d31","nt2","mm2",6934,6829,true,"2026-04-16T14:38:21.055121Z"
"GOOG",9772,80,"019d96ba-8dba-7065-8084-36ac6e03b7b5","nt3","mm1",7028,6924,false,"2026-04-16T14:38:21.630196Z"
"AAPL",10722,100,"019d96ba-8e0d-73d3-80d7-8d634361374e","it1","mm1",7030,6915,true,"2026-04-16T14:38:21.720735Z"
"AAPL",10722,100,"019d96ba-8e0d-73d5-80aa-6597202f259a","it1","mm2",7030,6950,true,"2026-04-16T14:38:21.720737Z"
"AAPL",10722,100,"019d96ba-8e0d-73d6-80a7-e10a0b916019","it1","mm3",7030,6979,true,"2026-04-16T14:38:21.720739Z"
"AAPL",10722,100,"019d96ba-8e0d-73d7-806e-3597e01ba2aa","it1","mm4",7030,7006,true,"2026-04-16T14:38:21.720740Z"
"GOOG",9796,52,"019d96ba-9024-70e7-8040-a5f0cb2ed304","nt1","mm1",7152,7053,true,"2026-04-16T14:38:22.295333Z"
"AAPL",10737,58,"019d96ba-904f-701b-806b-b1e24dad2c53","nt4","mm1",7153,7043,true,"2026-04-16T14:38:22.295336Z"
"GME",9762,100,"019d96ba-9077-7386-802c-3f32657b1dcb","nt4","mm1",7157,7033,true,"2026-04-16T14:38:22.335569Z"
"GME",9762,14,"019d96ba-9077-7387-80b0-1ed7663bf39a","nt4","mm3",7157,7063,true,"2026-04-16T14:38:22.335571Z"
"GOOG",9796,48,"019d96ba-90f6-7242-80fc-b4713c3f60b4","nt3","mm1",7158,7053,true,"2026-04-16T14:38:22.456270Z"
"GOOG",9796,13,"019d96ba-90f6-7245-8071-ce3b7321dbfa","nt3","mm3",7158,7086,true,"2026-04-16T14:38:22.466348Z"
"AAPL",10737,42,"019d96ba-91fb-7219-8028-286db7bc6bdc","it1","mm1",7160,7043,true,"2026-04-16T14:38:22.717768Z"
"AAPL",10737,100,"019d96ba-91fb-721a-8028-b40b68cfe858","it1","mm3",7160,7076,true,"2026-04-16T14:38:22.727854Z"
"AAPL",10737,100,"019d96ba-91fb-721b-808b-fe5aff8f8b72","it1","mm2",7160,7106,true,"2026-04-16T14:38:22.727861Z"
"AAPL",10737,100,"019d96ba-91fb-721d-80aa-7fc51abc4f7d","it1","mm4",7160,7133,true,"2026-04-16T14:38:22.727862Z"
"GOOG",9771,58,"019d96ba-934b-7025-802d-859af53abadb","nt2","mm3",7183,7085,false,"2026-04-16T14:38:23.060184Z"
"GME",9762,100,"019d96ba-93ff-72b6-80c1-37bcf17e1b2b","it1","mm1",7285,7164,true,"2026-04-16T14:38:23.242530Z"
"GME",9762,100,"019d96ba-93ff-72b7-808a-128744611a6a","it1","mm2",7285,7197,true,"2026-04-16T14:38:23.242535Z"
"GME",9762,100,"019d96ba-93ff-72b8-8098-9c674da192cf","it1","mm3",7285,7203,true,"2026-04-16T14:38:23.242539Z"
"GME",9762,100,"019d96ba-93ff-72b9-805d-5b3f573fe9ec","it1","mm4",7285,7233,true,"2026-04-16T14:38:23.242542Z"
"AAPL",10740,63,"019d96ba-9401-7283-809f-8d9629c3e91f","it1","nt3",7286,7195,false,"2026-04-16T14:38:23.242543Z"
"AAPL",10737,158,"019d96ba-9401-7285-808e-c8f51b741172","it1","it1",7286,7160,false,"2026-04-16T14:38:23.242545Z"
"GOOG",9795,100,"019d96ba-9403-7215-80be-157eb451e90e","it1","mm1",7287,7185,true,"2026-04-16T14:38:23.252603Z"
"GOOG",9795,100,"019d96ba-9403-7216-80b7-eec3ddfcc510","it1","mm3",7287,7223,true,"2026-04-16T14:38:23.252604Z"
"GOOG",9795,100,"019d96ba-9403-7216-81ed-f3b03d97da55","it1","mm2",7287,7249,true,"2026-04-16T14:38:23.252606Z"
"GOOG",9795,100,"019d96ba-9403-7217-8087-f310acfefacb","it1","mm4",7287,7276,true,"2026-04-16T14:38:23.252607Z"
"GME",9762,76,"019d96ba-9405-7196-803d-968b3f80cfd8","nt1","it1",7288,7285,false,"2026-04-16T14:38:23.252609Z"
"GME",9764,85,"019d96ba-9514-7247-80df-6424f734f9d5","nt1","nt1",7289,6136,true,"2026-04-16T14:38:23.514038Z"
"GME",9768,7,"019d96ba-9514-7249-8085-57a284bd64c9","nt1","mm1",7289,7166,true,"2026-04-16T14:38:23.514041Z"
"AAPL",10728,52,"019d96ba-954f-7051-8041-d91899824128","nt2","it1",7290,7155,false,"2026-04-16T14:38:23.574397Z"
"AAPL",10728,448,"019d96ba-95ed-721d-80e9-7203a05aabcc","it1","it1",7292,7155,false,"2026-04-16T14:38:23.735491Z"
"GOOG",9801,150,"019d96ba-95ef-71e1-8034-991ee55e9569","it1","mm1",7293,7187,true,"2026-04-16T14:38:23.735495Z"
"GOOG",9801,150,"019d96ba-95ef-71e2-80c6-d3ea87da284d","it1","mm3",7293,7225,true,"2026-04-16T14:38:23.735496Z"
"GOOG",9801,150,"019d96ba-95ef-71e3-809e-6c4c72c9a808","it1","mm2",7293,7251,true,"2026-04-16T14:38:23.735498Z"
"GOOG",9801,50,"019d96ba-95ef-71e4-8010-18e2b26c703b","it1","mm4",7293,7278,true,"2026-04-16T14:38:23.735500Z"
"GME",9764,65,"019d96ba-96f1-70b8-806f-ef4315e955eb","nt4","it1",7294,7291,false,"2026-04-16T14:38:23.988700Z"
"GOOG",9810,51,"019d96ba-9830-7379-8069-ed9c82826103","nt1","mm1",7418,7316,true,"2026-04-16T14:38:24.310869Z"
"GME",9778,57,"019d96ba-9945-70b9-800d-a1ab6e989074","nt2","mm1",7419,7296,true,"2026-04-16T14:38:24.588090Z"
"GME",9778,43,"019d96ba-99da-7165-80ee-062f4890ce00","it1","mm1",7420,7296,true,"2026-04-16T14:38:24.738928Z"
"GME",9778,100,"019d96ba-99da-7167-80a6-400b07973198","it1","mm3",7420,7326,true,"2026-04-16T14:38:24.738932Z"
"GME",9778,100,"019d96ba-99da-7167-8110-53dd4c37e3a6","it1","mm4",7420,7356,true,"2026-04-16T14:38:24.749013Z"
"GME",9778,100,"019d96ba-99da-7168-80fb-0cd9ec0fa2c0","it1","mm2",7420,7359,true,"2026-04-16T14:38:24.759077Z"
"AAPL",10722,100,"019d96ba-99da-7329-8004-deb00e9818cd","it1","it1",7421,7030,false,"2026-04-16T14:38:24.769135Z"
"GOOG",9810,49,"019d96ba-99e0-7163-80b0-95a7f44d4a74","it1","mm1",7422,7316,true,"2026-04-16T14:38:24.769137Z"
"GOOG",9810,100,"019d96ba-99e0-7164-8044-5e15ae39852a","it1","mm3",7422,7346,true,"2026-04-16T14:38:24.769139Z"
"GOOG",9810,100,"019d96ba-99e0-7165-8093-34a28b34ad61","it1","mm4",7422,7396,true,"2026-04-16T14:38:24.779196Z"
"GOOG",9810,100,"019d96ba-99e0-7166-800f-082d896c2ab6","it1","mm2",7422,7406,true,"2026-04-16T14:38:24.779198Z"
"GOOG",9815,51,"019d96ba-99f5-70c4-806c-b3f589d42e19","nt2","it1",7423,2288,true,"2026-04-16T14:38:24.779199Z"
"GOOG",9815,347,"019d96ba-9bed-739a-8020-96398b1a5927","it1","it1",7546,2288,true,"2026-04-16T14:38:25.272402Z"
"GME",9788,500,"019d96ba-9dc4-718e-8096-b45ffeb51f84","it1","it1",7547,2286,true,"2026-04-16T14:38:25.734931Z"
"AAPL",10713,500,"019d96ba-9dc4-719f-807b-ee3e758f74a9","it1","it1",7548,7026,false,"2026-04-16T14:38:25.745016Z"
"GOOG",9821,400,"019d96ba-9dc5-700c-8051-9b7da2134627","it1","it1",7549,2163,true,"2026-04-16T14:38:25.745019Z"
"AAPL",10707,100,"019d96ba-9fc9-718b-80b3-e598eb595b3d","it1","it1",7671,6901,false,"2026-04-16T14:38:26.260389Z"
"GME",9796,400,"019d96ba-a1ae-700a-8064-7989b91fb102","it1","it1",7674,2161,true,"2026-04-16T14:38:26.742983Z"
"AAPL",10698,417,"019d96ba-a1ae-71cb-808f-b566b8a7a83e","it1","it1",7675,6897,false,"2026-04-16T14:38:26.742987Z"
"AAPL",10698,83,"019d96ba-a1ae-71cc-8037-41b969d14f59","it1","mm1",7675,7560,false,"2026-04-16T14:38:26.742989Z"
"GOOG",9827,500,"019d96ba-a1b0-73dc-8081-e11060bd5d0a","it1","it1",7676,2159,true,"2026-04-16T14:38:26.742990Z"
"AAPL",10707,86,"019d96ba-a25f-73d8-800b-5fcbad28a58f","nt2","it1",7677,7671,true,"2026-04-16T14:38:26.913924Z"
"GOOG",9833,400,"019d96ba-a3a4-736c-8022-233d44599972","it1","it1",7800,2035,true,"2026-04-16T14:38:27.246253Z"
"GME",9803,66,"019d96ba-a3f5-7373-8096-ca9a17ff336f","nt4","it1",7801,2157,true,"2026-04-16T14:38:27.326718Z"
"AAPL",10692,50,"019d96ba-a4a6-72eb-802e-a158f4075d97","nt2","it1",7802,6772,false,"2026-04-16T14:38:27.498198Z"
"GME",9803,434,"019d96ba-a597-7335-800e-897c7737e101","it1","it1",7803,2157,true,"2026-04-16T14:38:27.740087Z"
"AAPL",10692,50,"019d96ba-a597-7343-8062-b68df1c6d38b","it1","it1",7804,6772,false,"2026-04-16T14:38:27.750164Z"
"GOOG",9839,500,"019d96ba-a597-7349-8030-f2b7a4f83902","it1","it1",7805,2032,true,"2026-04-16T14:38:27.750166Z"
"GME",9806,248,"019d96ba-a7a1-7335-807b-d0e10a8d01d4","it1","it1",7926,2033,true,"2026-04-16T14:38:28.274973Z"
"GME",9816,65,"019d96ba-a848-71ce-803a-e02e802b569f","nt1","mm1",7930,7807,true,"2026-04-16T14:38:28.425835Z"
"GME",9816,35,"019d96ba-a980-735c-8097-14e58d2194d4","it1","mm1",7931,7807,true,"2026-04-16T14:38:28.767725Z"
"GME",9816,100,"019d96ba-a980-735e-80a3-34ea6c768405","it1","mm3",7931,7837,true,"2026-04-16T14:38:28.767728Z"
"GME",9816,100,"019d96ba-a980-735f-806f-fade2a742772","it1","mm2",7931,7867,true,"2026-04-16T14:38:28.767729Z"
"GME",9816,100,"019d96ba-a980-735f-81ce-401f9942eccc","it1","mm4",7931,7869,true,"2026-04-16T14:38:28.767732Z"
"AAPL",10683,500,"019d96ba-a980-7375-803c-2afe9db55aab","it1","it1",7932,6769,false,"2026-04-16T14:38:28.777790Z"
"GOOG",9843,62,"019d96ba-a980-737a-802b-3a1d7c20f3d5","it1","nt3",7933,6261,true,"2026-04-16T14:38:28.777791Z"
"GME",9816,50,"019d96ba-aa8f-73c0-8049-390941a942e8","nt4","it1",7934,7931,false,"2026-04-16T14:38:29.009432Z"
"GME",9819,500,"019d96ba-aba6-7281-80bd-abe24d480bb1","it1","it1",8055,2030,true,"2026-04-16T14:38:29.291416Z"
"GOOG",9846,100,"019d96ba-aba6-7333-80c1-7847ab0d1d0b","it1","it1",8057,1909,true,"2026-04-16T14:38:29.291418Z"
"GOOG",9846,57,"019d96ba-acab-7046-80c0-7f469c4f1599","nt1","it1",8058,8057,false,"2026-04-16T14:38:29.555460Z"
"GME",9820,443,"019d96ba-ad6a-72cd-80d6-078a566f5873","it1","it1",8059,1907,true,"2026-04-16T14:38:29.746577Z"
"AAPL",10677,100,"019d96ba-ad6a-72dc-80d9-cee2e80f685d","it1","it1",8060,6645,false,"2026-04-16T14:38:29.746579Z"
"GOOG",9851,449,"019d96ba-ad6a-73c1-8043-a17c825c0525","it1","it1",8061,1905,true,"2026-04-16T14:38:29.746580Z"
"GME",9825,500,"019d96ba-afae-72b2-809c-3eb6be5212b0","it1","it1",8182,1903,true,"2026-04-16T14:38:30.320367Z"
"GME",9833,156,"019d96ba-b153-73aa-80cc-8699e8fa6cfc","it1","it1",8185,1779,true,"2026-04-16T14:38:30.744567Z"
"AAPL",10668,500,"019d96ba-b153-73b9-806d-cb73cd107c0d","it1","it1",8186,6641,false,"2026-04-16T14:38:30.744570Z"
"GOOG",9859,100,"019d96ba-b156-7297-8015-46ab2b273b9f","it1","it1",8187,1781,true,"2026-04-16T14:38:30.744572Z"
"AAPL",10671,64,"019d96ba-b22d-7393-8028-f40092637493","nt1","it1",8188,8183,true,"2026-04-16T14:38:30.965835Z"
"AAPL",10662,100,"019d96ba-b377-70fd-8001-18d13fa8ba4d","it1","it1",8310,6518,false,"2026-04-16T14:38:31.298133Z"
"GOOG",9864,500,"019d96ba-b378-7053-8028-c3bfa8c21fbb","it1","it1",8311,1777,true,"2026-04-16T14:38:31.298135Z"
"GOOG",9871,50,"019d96ba-b50e-7396-800f-d8aa3f599165","nt4","it1",8313,1653,true,"2026-04-16T14:38:31.700396Z"
"GME",9837,500,"019d96ba-b53f-7019-80d6-40f0f4451464","it1","it1",8314,1775,true,"2026-04-16T14:38:31.750683Z"
"AAPL",10654,100,"019d96ba-b53f-7025-80b1-bfedccd202c3","it1","mm1",8315,8199,false,"2026-04-16T14:38:31.750686Z"
"AAPL",10654,100,"019d96ba-b53f-7026-809a-9b8243093179","it1","mm3",8315,8229,false,"2026-04-16T14:38:31.750689Z"
"AAPL",10654,100,"019d96ba-b53f-7027-80e3-61be32e89368","it1","mm2",8315,8269,false,"2026-04-16T14:38:31.750691Z"
"AAPL",10654,100,"019d96ba-b53f-7027-812b-4126a7d66549","it1","mm4",8315,8272,false,"2026-04-16T14:38:31.750692Z"
"GOOG",9871,102,"019d96ba-b540-72ff-801b-ac2fce21fce7","it1","it1",8316,1653,true,"2026-04-16T14:38:31.760774Z"
"GOOG",9873,65,"019d96ba-b542-7331-806d-23c4356a81f2","nt3","mm1",8317,8210,true,"2026-04-16T14:38:31.760776Z"
"AAPL",10654,53,"019d96ba-b69c-73ab-80bc-19cf01c0cad0","nt2","it1",8318,8315,true,"2026-04-16T14:38:32.102698Z"
"GME",9845,100,"019d96ba-b766-7167-803c-352caab4bd2a","it1","it1",8439,1651,true,"2026-04-16T14:38:32.304241Z"
"GME",9845,63,"019d96ba-b766-7168-8030-ebdfde29269a","it1","nt4",8439,1782,true,"2026-04-16T14:38:32.304242Z"
"AAPL",10653,500,"019d96ba-b766-71ee-8020-50b051b9a9eb","it1","it1",8440,6515,false,"2026-04-16T14:38:32.314303Z"
"GME",9851,74,"019d96ba-b7b4-712b-80dc-8362ca490867","nt4","mm1",8442,8320,true,"2026-04-16T14:38:32.374647Z"
"GOOG",9873,50,"019d96ba-b7fc-716f-8001-9dca11152325","nt1","it1",8443,8441,false,"2026-04-16T14:38:32.455101Z"
"GOOG",9876,243,"019d96ba-b8d9-70ef-8003-af54cfd4a4e3","nt2","it1",8444,1649,true,"2026-04-16T14:38:32.676336Z"
"GME",9851,26,"019d96ba-b929-733c-8028-4e9b359940f4","it1","mm1",8445,8320,true,"2026-04-16T14:38:32.756796Z"
"GME",9851,100,"019d96ba-b929-733d-80d5-3f9cce402774","it1","mm3",8445,8350,true,"2026-04-16T14:38:32.756798Z"
"GME",9851,100,"019d96ba-b929-733d-8137-380888085cf8","it1","mm4",8445,8380,true,"2026-04-16T14:38:32.756799Z"
"GME",9851,100,"019d96ba-b929-733e-803e-623440d8c8d8","it1","mm2",8445,8410,true,"2026-04-16T14:38:32.756801Z"
"AAPL",10647,100,"019d96ba-b92a-70e0-8095-0999e19f8eb7","it1","it1",8446,6391,false,"2026-04-16T14:38:32.756802Z"
"GOOG",9876,257,"019d96ba-b92a-72ae-80ed-e4b42df3d665","it1","it1",8447,1649,true,"2026-04-16T14:38:32.756803Z"
"GME",9852,500,"019d96ba-bb69-70ce-8098-f600a03c34c5","it1","it1",8570,1647,true,"2026-04-16T14:38:33.330697Z"
"GOOG",9883,100,"019d96ba-bb6b-7230-8063-d345edf9bc52","it1","it1",8572,1526,true,"2026-04-16T14:38:33.330700Z"
"GME",9859,100,"019d96ba-bd14-7058-8078-8e2224b3cea5","it1","it1",8573,1524,true,"2026-04-16T14:38:33.753716Z"
"AAPL",10638,500,"019d96ba-bd16-70c5-80a1-2453aabf8b96","it1","it1",8574,6388,false,"2026-04-16T14:38:33.753720Z"
"GOOG",9888,500,"019d96ba-bd18-70e6-8032-b073f74b00e5","it1","it1",8575,1521,true,"2026-04-16T14:38:33.753724Z"
"GME",9861,58,"019d96ba-bd9a-729e-80b5-b569f31a7a0d","nt2","it1",8577,1519,true,"2026-04-16T14:38:33.888499Z"
"GME",9861,442,"019d96ba-bf6d-73cb-80d2-4453f81afb6f","it1","it1",8698,1519,true,"2026-04-16T14:38:34.351483Z"
"AAPL",10633,400,"019d96ba-bf6f-739c-8077-98560e2ba6d1","it1","it1",8699,6263,false,"2026-04-16T14:38:34.361563Z"
"GME",9869,100,"019d96ba-c0ff-730a-8077-74f8322b7df4","it1","it1",8702,1395,true,"2026-04-16T14:38:34.753729Z"
"AAPL",10629,500,"019d96ba-c0ff-73a2-8059-d84318ed0912","it1","it1",8703,6258,false,"2026-04-16T14:38:34.763805Z"
"GOOG",9895,100,"019d96ba-c119-723e-80d6-924b8f24ee51","it1","it1",8704,1397,true,"2026-04-16T14:38:34.783920Z"
"AAPL",10624,200,"019d96ba-c353-734b-80a8-639fb155bb10","it1","it1",8826,6134,false,"2026-04-16T14:38:35.357540Z"
"GME",9880,500,"019d96ba-c4e9-7288-8046-a011f2b5aa6d","it1","it1",8829,1390,true,"2026-04-16T14:38:35.759756Z"
"AAPL",10619,500,"019d96ba-c4e9-7297-8046-8a86b2e00e0e","it1","it1",8830,6128,false,"2026-04-16T14:38:35.759758Z"
"GOOG",9900,385,"019d96ba-c4ea-72de-8099-099c4ec5ea7d","it1","it1",8831,1392,true,"2026-04-16T14:38:35.759759Z"
"AAPL",10616,100,"019d96ba-c6ff-7333-80d5-45fc5baef2c1","it1","mm4",8887,8773,false,"2026-04-16T14:38:36.292871Z"
"AAPL",10616,100,"019d96ba-c6ff-7335-80b7-5f1b53cf6702","it1","mm2",8887,8802,false,"2026-04-16T14:38:36.292874Z"
"GOOG",9907,42,"019d96ba-c700-7015-809a-cee081b24538","it1","it1",8888,1268,true,"2026-04-16T14:38:36.302934Z"
"AAPL",10615,56,"019d96ba-c856-7271-803a-ebd951559464","nt2","it1",8955,6004,false,"2026-04-16T14:38:36.635177Z"
"GME",9887,100,"019d96ba-c8d3-73ca-80c7-7d22a3ca579e","it1","it1",8956,1263,true,"2026-04-16T14:38:36.766017Z"
"AAPL",10615,94,"019d96ba-c8d4-72d5-80ad-48c1bb87190e","it1","it1",8957,6004,false,"2026-04-16T14:38:36.766020Z"
"GOOG",9911,500,"019d96ba-c8d6-73ae-80c2-39619bb71e08","it1","it1",8958,1265,true,"2026-04-16T14:38:36.766022Z"
"GME",9889,100,"019d96ba-c9d8-7397-804a-06520ab3c503","nt1","mm1",8959,8833,true,"2026-04-16T14:38:37.027495Z"
"GME",9889,35,"019d96ba-c9d8-7398-80ad-b363ae8e0c33","nt1","mm3",8959,8843,true,"2026-04-16T14:38:37.027497Z"
"GME",9887,75,"019d96ba-ca62-73a8-80aa-bc92bdec452f","nt3","it1",8960,8956,false,"2026-04-16T14:38:37.158211Z"
"GME",9889,65,"019d96ba-cac9-73a1-8088-3f199b972c78","it1","mm3",8991,8843,true,"2026-04-16T14:38:37.268996Z"
"GME",9889,100,"019d96ba-cac9-73a2-80e1-d163f5b715a9","it1","mm4",8991,8878,true,"2026-04-16T14:38:37.268998Z"
"GME",9889,100,"019d96ba-cac9-73a2-8139-078fb324d99a","it1","mm2",8991,8896,true,"2026-04-16T14:38:37.269000Z"
"AAPL",10610,500,"019d96ba-cac9-73af-8064-fa6d3cc0363e","it1","it1",8992,6001,false,"2026-04-16T14:38:37.269001Z"
"GOOG",9915,100,"019d96ba-cac9-73b2-8014-a48a1b69e85f","it1","mm3",8993,8908,true,"2026-04-16T14:38:37.269003Z"
"GOOG",9915,100,"019d96ba-cac9-73b3-8099-a667b03cd0cf","it1","mm4",8993,8926,true,"2026-04-16T14:38:37.269004Z"
"GOOG",9915,100,"019d96ba-cac9-73b4-80df-e8532659af1e","it1","mm2",8993,8946,true,"2026-04-16T14:38:37.269005Z"
"GOOG",9918,89,"019d96ba-cbc7-73df-80a7-708cee893dec","nt2","it1",9084,1141,true,"2026-04-16T14:38:37.522188Z"
"GME",9900,100,"019d96ba-ccbf-702a-806e-f18834189238","it1","mm1",9085,8962,true,"2026-04-16T14:38:37.763529Z"
"GME",9900,100,"019d96ba-ccbf-702b-80d3-c8e66a9b88ee","it1","mm3",9085,8995,true,"2026-04-16T14:38:37.763531Z"
"GME",9900,100,"019d96ba-ccbf-702c-8010-52143e13410d","it1","mm4",9085,9005,true,"2026-04-16T14:38:37.763532Z"
"GME",9900,100,"019d96ba-ccbf-702c-8184-31a0df6db7d1","it1","mm2",9085,9035,true,"2026-04-16T14:38:37.773606Z"
"AAPL",10605,200,"019d96ba-ccbf-703c-8046-5a1b6378e120","it1","it1",9086,5878,false,"2026-04-16T14:38:37.773607Z"
"GOOG",9918,11,"019d96ba-ccbf-70b3-8060-81e5aa13adda","it1","it1",9087,1141,true,"2026-04-16T14:38:37.773609Z"
"GOOG",9918,64,"019d96ba-cced-73cd-80f7-134fd91dfa69","nt1","it1",9088,9087,false,"2026-04-16T14:38:37.813838Z"
"AAPL",10605,50,"019d96ba-cd27-73e3-803e-3365025dcc14","nt3","it1",9089,9086,true,"2026-04-16T14:38:37.874171Z"
"GOOG",9918,59,"019d96ba-cd9d-73de-80d5-e5f7b89c9943","nt1","it1",9090,9087,false,"2026-04-16T14:38:37.984814Z"
"GME",9905,22,"019d96ba-cecc-7203-8054-08ed8c6bee52","it1","it1",9121,1134,true,"2026-04-16T14:38:38.286721Z"
"AAPL",10601,500,"019d96ba-cecd-7001-800d-160b1f9950d1","it1","it1",9122,5875,false,"2026-04-16T14:38:38.296786Z"
"GOOG",9923,448,"019d96ba-cece-7315-8043-0527213887ba","it1","it1",9123,1136,true,"2026-04-16T14:38:38.296789Z"
"GOOG",9923,52,"019d96ba-cece-7316-8038-6d9beef28bdb","it1","mm4",9123,9025,true,"2026-04-16T14:38:38.296792Z"
"AAPL",10605,50,"019d96ba-cff7-7394-8018-33b0af199b41","nt3","it1",9215,9086,true,"2026-04-16T14:38:38.589033Z"
"GME",9913,56,"019d96ba-d0a8-739f-808e-9352cd53a44a","it1","nt2",9217,6130,true,"2026-04-16T14:38:38.770040Z"
"AAPL",10591,442,"019d96ba-d0aa-7005-8048-8a7456092c2a","it1","it1",9218,5747,false,"2026-04-16T14:38:38.780115Z"
"GOOG",9923,136,"019d96ba-d1b3-73b0-80e2-f297cfd78a0a","nt4","it1",9220,9219,false,"2026-04-16T14:38:39.031479Z"
"GOOG",9930,65,"019d96ba-d1ce-739f-800c-4a48f4a542ee","nt2","it1",9222,1013,true,"2026-04-16T14:38:39.061672Z"
"GME",9914,100,"019d96ba-d2ac-739d-809b-e1f353b190d5","it1","mm4",9253,9125,true,"2026-04-16T14:38:39.283370Z"
"GME",9914,100,"019d96ba-d2ac-739e-80ee-e58ebd3912c3","it1","mm2",9253,9155,true,"2026-04-16T14:38:39.283372Z"
"GME",9914,100,"019d96ba-d2ac-739f-80a4-72800ff80494","it1","mm3",9253,9185,true,"2026-04-16T14:38:39.283373Z"
"AAPL",10590,100,"019d96ba-d2ad-7299-808e-917d59a338a6","it1","mm4",9254,9134,false,"2026-04-16T14:38:39.293435Z"
"AAPL",10590,100,"019d96ba-d2ad-729a-8012-c00d22634c83","it1","mm2",9254,9165,false,"2026-04-16T14:38:39.293438Z"
"AAPL",10590,100,"019d96ba-d2ad-729a-81d0-9d6a6333246a","it1","mm3",9254,9194,false,"2026-04-16T14:38:39.293439Z"
"GOOG",9930,35,"019d96ba-d2ad-72a9-8028-a074242296a6","it1","it1",9255,1013,true,"2026-04-16T14:38:39.293441Z"
"GOOG",9930,59,"019d96ba-d2b3-718e-80a3-3e19453e5343","nt2","it1",9256,9255,false,"2026-04-16T14:38:39.293442Z"
"AAPL",10590,51,"019d96ba-d2f1-73a2-8030-87dac2c0c81f","nt3","it1",9287,9254,true,"2026-04-16T14:38:39.354107Z"
"AAPL",10585,100,"019d96ba-d494-73b7-8036-ad23f05fc987","it1","it1",9349,5624,false,"2026-04-16T14:38:39.773533Z"
"GOOG",9932,500,"019d96ba-d494-73c4-800f-2ecb9ba4151c","it1","it1",9350,1010,true,"2026-04-16T14:38:39.773535Z"
"GOOG",9930,60,"019d96ba-d554-73aa-804f-8c5dcf71f94b","nt4","it1",9351,9255,false,"2026-04-16T14:38:39.964586Z"
"GME",9922,100,"019d96ba-d69d-73ab-8009-1cba3dbfd659","it1","it1",9372,1008,true,"2026-04-16T14:38:40.296714Z"
"AAPL",10581,500,"019d96ba-d69e-734e-8043-f263bba52a3b","it1","it1",9373,5619,false,"2026-04-16T14:38:40.296717Z"
"GOOG",9938,100,"019d96ba-d69f-73d5-80e9-0bd89c77ee4d","it1","it1",9374,886,true,"2026-04-16T14:38:40.296720Z"
"GOOG",9938,100,"019d96ba-d69f-73d6-804c-68e49ba57ede","it1","mm4",9374,9278,true,"2026-04-16T14:38:40.296723Z"
"GOOG",9938,100,"019d96ba-d69f-73d7-8066-cb5e592755df","it1","mm2",9374,9309,true,"2026-04-16T14:38:40.306784Z"
"GOOG",9938,100,"019d96ba-d69f-73d8-80d5-5bfb22704c2d","it1","mm3",9374,9339,true,"2026-04-16T14:38:40.306789Z"
"AAPL",10578,53,"019d96ba-d954-7364-80f3-1ea0e0487e5c","nt1","it1",9478,9476,true,"2026-04-16T14:38:40.991650Z"
"GME",9933,100,"019d96ba-da80-73b1-8021-fc616f1e5212","it1","mm1",9479,9353,true,"2026-04-16T14:38:41.283260Z"
"GME",9933,100,"019d96ba-da80-73b3-803c-3de4231aa85c","it1","mm4",9479,9386,true,"2026-04-16T14:38:41.293339Z"
"GME",9933,100,"019d96ba-da80-73b3-81c0-281b0b530384","it1","mm2",9479,9416,true,"2026-04-16T14:38:41.293344Z"
"GME",9933,100,"019d96ba-da80-73b4-8025-b127e584c040","it1","mm3",9479,9446,true,"2026-04-16T14:38:41.293347Z"
"AAPL",10575,100,"019d96ba-da82-7028-806b-468f4a74642f","it1","it1",9480,5496,false,"2026-04-16T14:38:41.293348Z"
"GOOG",9946,100,"019d96ba-da82-7034-80bc-2a1aae936918","it1","mm1",9481,9376,true,"2026-04-16T14:38:41.293350Z"
"GOOG",9946,100,"019d96ba-da82-7035-8011-41f2a91a3b56","it1","mm4",9481,9406,true,"2026-04-16T14:38:41.293351Z"
"GOOG",9946,100,"019d96ba-da82-7036-8081-db71a72c0850","it1","mm2",9481,9436,true,"2026-04-16T14:38:41.303478Z"
"GOOG",9946,100,"019d96ba-da82-7037-80d5-9152bc5ceb09","it1","mm3",9481,9466,true,"2026-04-16T14:38:41.303483Z"
"AAPL",10571,58,"019d96ba-db7e-7374-80fd-b1ad3e5d8e7c","nt2","it1",9602,5493,false,"2026-04-16T14:38:41.535928Z"
"GME",9938,100,"019d96ba-dc76-73d7-800f-d740113255ea","it1","it1",9604,878,true,"2026-04-16T14:38:41.787435Z"
"AAPL",10571,442,"019d96ba-dc76-73e4-8003-d1d7561402a2","it1","it1",9605,5493,false,"2026-04-16T14:38:41.787438Z"
"GOOG",9948,500,"019d96ba-dc77-7001-80b7-e52c31edfc78","it1","it1",9606,880,true,"2026-04-16T14:38:41.797513Z"
"AAPL",10565,57,"019d96ba-dc79-73a1-801b-70b6c1f2fffe","nt2","it1",9607,5369,false,"2026-04-16T14:38:41.797515Z"
"GME",9941,54,"019d96ba-dccf-736b-80cd-a4342c8e5963","nt3","mm1",9608,9483,true,"2026-04-16T14:38:41.877923Z"
"GME",9941,46,"019d96ba-de6a-705a-80ee-0724896bac0a","it1","mm1",9610,9483,true,"2026-04-16T14:38:42.290225Z"
"GME",9941,100,"019d96ba-de6a-705b-807f-8884b43337cc","it1","mm4",9610,9513,true,"2026-04-16T14:38:42.290230Z"
"GME",9941,100,"019d96ba-de6a-705c-8061-ce8c123498f9","it1","mm2",9610,9539,true,"2026-04-16T14:38:42.290232Z"
"GME",9941,100,"019d96ba-de6a-705d-80a1-ac7d6606c4b1","it1","mm3",9610,9573,true,"2026-04-16T14:38:42.290233Z"
"AAPL",10565,43,"019d96ba-de6a-71fe-807d-2d7b4baf7429","it1","it1",9611,5369,false,"2026-04-16T14:38:42.290235Z"
"GOOG",9954,100,"019d96ba-de6c-726e-8031-a267c35fb8b7","it1","it1",9612,751,true,"2026-04-16T14:38:42.300316Z"
"GME",9951,100,"019d96ba-e254-73d4-8030-90f9f1c5c859","it1","mm1",9736,9614,true,"2026-04-16T14:38:43.289108Z"
"GME",9951,100,"019d96ba-e254-73d6-8096-c4053aab6167","it1","mm4",9736,9644,true,"2026-04-16T14:38:43.289112Z"
"GME",9951,100,"019d96ba-e254-73d6-8125-7e6479361769","it1","mm2",9736,9674,true,"2026-04-16T14:38:43.299192Z"
"GME",9951,100,"019d96ba-e254-73d8-80bb-99f4916c11e9","it1","mm3",9736,9704,true,"2026-04-16T14:38:43.299195Z"
"AAPL",10562,500,"019d96ba-e255-70a2-8011-32e95f1945e0","it1","it1",9737,5366,false,"2026-04-16T14:38:43.299196Z"
"GOOG",9962,100,"019d96ba-e258-7055-804f-0a0ece96d17e","it1","mm1",9738,9634,true,"2026-04-16T14:38:43.299198Z"
"GOOG",9962,100,"019d96ba-e258-7056-80fc-0c7a80097fe4","it1","mm4",9738,9664,true,"2026-04-16T14:38:43.299199Z"
"GOOG",9962,100,"019d96ba-e258-7057-808c-05a7ce511789","it1","mm2",9738,9694,true,"2026-04-16T14:38:43.299201Z"
"GOOG",9962,100,"019d96ba-e258-7058-8031-5514f38e7968","it1","mm3",9738,9724,true,"2026-04-16T14:38:43.299202Z"
"GME",9954,100,"019d96ba-e44f-738d-80f5-ec18ebde784c","it1","it1",9860,749,true,"2026-04-16T14:38:43.802633Z"
"AAPL",10561,117,"019d96ba-e44f-739a-80b6-9ad03c864904","it1","nt2",9861,5772,false,"2026-04-16T14:38:43.812695Z"
"GOOG",9970,32,"019d96ba-e4c0-7366-8014-a7bfeb4dc0fc","nt3","it1",9863,623,true,"2026-04-16T14:38:43.913276Z"
"GOOG",9971,21,"019d96ba-e4c0-7368-80a1-a8095517169e","nt3","mm1",9863,9760,true,"2026-04-16T14:38:43.923338Z"
"GME",9961,100,"019d96ba-e644-7372-801c-ac67a9732f8a","it1","mm1",9864,9740,true,"2026-04-16T14:38:44.297545Z"
"GME",9961,100,"019d96ba-e644-7374-8085-496db61fec13","it1","mm4",9864,9770,true,"2026-04-16T14:38:44.297547Z"
"GME",9961,100,"019d96ba-e644-7374-81a9-066e15c55477","it1","mm2",9864,9800,true,"2026-04-16T14:38:44.307630Z"
"GME",9961,100,"019d96ba-e644-7375-804e-c7ce629897ba","it1","mm3",9864,9810,true,"2026-04-16T14:38:44.307633Z"
"AAPL",10550,100,"019d96ba-e644-738c-802e-468601a6431a","it1","it1",9865,5238,false,"2026-04-16T14:38:44.307635Z"
"AAPL",10550,100,"019d96ba-e644-738d-802a-3998a3e9f500","it1","mm1",9865,9749,false,"2026-04-16T14:38:44.307636Z"
"AAPL",10550,100,"019d96ba-e644-738e-8079-2b791b66840b","it1","mm4",9865,9779,false,"2026-04-16T14:38:44.307638Z"
"AAPL",10550,100,"019d96ba-e644-738f-8058-301a4caac8fa","it1","mm2",9865,9819,false,"2026-04-16T14:38:44.307639Z"
"AAPL",10550,100,"019d96ba-e644-738f-816f-28758377fa0f","it1","mm3",9865,9822,false,"2026-04-16T14:38:44.307640Z"
"GOOG",9971,79,"019d96ba-e645-73bd-8099-bfe6d065a40b","it1","mm1",9866,9760,true,"2026-04-16T14:38:44.317702Z"
"GOOG",9971,100,"019d96ba-e645-73bf-801b-ce17db01d38e","it1","mm4",9866,9790,true,"2026-04-16T14:38:44.317704Z"
"GOOG",9971,100,"019d96ba-e645-73c0-8026-f5b90621c99b","it1","mm2",9866,9839,true,"2026-04-16T14:38:44.317706Z"
"GOOG",9971,100,"019d96ba-e645-73c0-8121-f53869abd264","it1","mm3",9866,9850,true,"2026-04-16T14:38:44.317707Z"
"GOOG",9972,79,"019d96ba-e83f-7378-8045-ef169e06d055","it1","nt4",9989,4086,true,"2026-04-16T14:38:44.831244Z"
"GME",9969,77,"019d96ba-e85b-7370-8040-90e2f47331fc","nt3","mm1",9990,9868,true,"2026-04-16T14:38:44.831249Z"
"GME",9967,97,"019d96ba-e9b4-736a-80f6-b663adc6974f","nt3","it1",9991,9987,false,"2026-04-16T14:38:45.183290Z"
"GME",9969,23,"019d96ba-ea34-7368-80e9-959e48fd0b5a","it1","mm1",9992,9868,true,"2026-04-16T14:38:45.304003Z"
"GME",9969,100,"019d96ba-ea34-7369-80ec-248371a6d27d","it1","mm4",9992,9898,true,"2026-04-16T14:38:45.314052Z"
"AAPL",10543,100,"019d96ba-ea34-7376-80c1-42f48548a527","it1","mm1",9993,9877,false,"2026-04-16T14:38:45.314054Z"
"AAPL",10543,100,"019d96ba-ea34-7377-80f4-4ba0b33c8ff8","it1","mm4",9993,9907,false,"2026-04-16T14:38:45.314055Z"
"GOOG",9978,50,"019d96ba-ea35-73c6-80fe-cccac6bdcc1f","it1","nt4",9994,8312,true,"2026-04-16T14:38:45.314057Z"
"GOOG",9978,54,"019d96ba-ebcb-71dd-8020-c69d1144ea8f","nt4","it1",10115,9994,false,"2026-04-16T14:38:45.716723Z"
"GME",9970,100,"019d96ba-ec2a-7372-80b3-e96b9390a84a","it1","it1",10116,621,true,"2026-04-16T14:38:45.807211Z"
"GME",9980,55,"019d96ba-ed91-7369-80e6-042b55c72263","nt3","mm1",10120,9996,true,"2026-04-16T14:38:46.169206Z"
"GME",9980,45,"019d96ba-ee1f-736a-80b6-76b895da8a5e","it1","mm1",10121,9996,true,"2026-04-16T14:38:46.309987Z"
"GME",9980,100,"019d96ba-ee1f-736c-8035-d84dff9fb6b0","it1","mm4",10121,10026,true,"2026-04-16T14:38:46.309989Z"
"AAPL",10535,100,"019d96ba-ee1f-737c-8015-89a82b0d56d6","it1","it1",10122,5110,false,"2026-04-16T14:38:46.309991Z"
"GOOG",9984,86,"019d96ba-ee1f-7381-801b-a0108adbb7fe","it1","nt4",10123,9859,true,"2026-04-16T14:38:46.309993Z"
"AAPL",10525,76,"019d96ba-efb3-7370-806a-becdb9a58be0","nt4","mm1",10244,10134,false,"2026-04-16T14:38:46.712813Z"
"GOOG",9986,79,"019d96ba-f013-715e-8098-60a9b4d99a34","it1","it1",10247,494,true,"2026-04-16T14:38:46.813376Z"
"AAPL",10525,24,"019d96ba-f04b-7370-80b2-f1fd151d33f1","nt3","mm1",10248,10134,false,"2026-04-16T14:38:46.863678Z"
"AAPL",10525,31,"019d96ba-f04b-7372-800b-634c9963a0db","nt3","mm4",10248,10164,false,"2026-04-16T14:38:46.863680Z"
"GOOG",9994,69,"019d96ba-f1c0-7365-8056-9293832cb1b4","nt1","mm1",10250,10145,true,"2026-04-16T14:38:47.235692Z"
"AAPL",10529,52,"019d96ba-f1f3-7369-8001-eb0c2d8e6e8a","nt2","it1",10251,10246,true,"2026-04-16T14:38:47.285983Z"
"GME",9986,200,"019d96ba-f208-7369-80b7-1171d5b2e0ea","it1","it1",10252,492,true,"2026-04-16T14:38:47.306107Z"
"AAPL",10525,69,"019d96ba-f209-7158-805c-9862882cde80","it1","mm4",10253,10164,false,"2026-04-16T14:38:47.316166Z"
"GOOG",9994,31,"019d96ba-f209-7163-8028-6c6c921e67ba","it1","mm1",10254,10145,true,"2026-04-16T14:38:47.316168Z"
"GOOG",9994,100,"019d96ba-f209-7164-8027-cebae4db39dc","it1","mm4",10254,10175,true,"2026-04-16T14:38:47.316169Z"
"GOOG",10002,60,"019d96ba-f38b-7371-801c-4f9abe9f7a6b","nt1","mm1",10375,10276,true,"2026-04-16T14:38:47.698782Z"
"AAPL",10520,100,"019d96ba-f3fd-718e-80d3-1aee6c4caed8","it1","it1",10377,4984,false,"2026-04-16T14:38:47.809389Z"
"GME",9995,100,"019d96ba-f5f1-736a-8068-1e9fa3a83389","it1","mm1",10379,10256,true,"2026-04-16T14:38:48.312007Z"
"GME",9995,100,"019d96ba-f5f1-736b-8017-cd00e1b78806","it1","mm4",10379,10286,true,"2026-04-16T14:38:48.312009Z"
"AAPL",10519,52,"019d96ba-f5f2-7049-804e-444dce251402","it1","nt4",10380,10119,false,"2026-04-16T14:38:48.312011Z"
"GOOG",10002,40,"019d96ba-f5f2-7099-8022-c2cef3227f55","it1","mm1",10381,10276,true,"2026-04-16T14:38:48.312012Z"
"GOOG",10002,100,"019d96ba-f5f2-709a-80af-6a72b2f77dc6","it1","mm4",10381,10306,true,"2026-04-16T14:38:48.322109Z"
"GOOG",10007,91,"019d96ba-f69d-7374-806d-a35282d1d41d","nt4","mm2",10442,10356,true,"2026-04-16T14:38:48.483321Z"
"GME",9995,51,"019d96ba-f739-7225-8043-5b22a159a58d","nt2","it1",10503,10379,false,"2026-04-16T14:38:48.644461Z"
"AAPL",10519,82,"019d96ba-f7d6-700b-803d-4bb6b2edc15a","nt3","it1",10504,10380,true,"2026-04-16T14:38:48.795319Z"
"GME",10003,100,"019d96ba-f9db-7247-80df-0e2da5f6aed9","it1","mm4",10508,10383,true,"2026-04-16T14:38:49.348005Z"
"GME",10003,100,"019d96ba-f9db-7249-80a9-c150154bed09","it1","mm1",10508,10413,true,"2026-04-16T14:38:49.348008Z"
"AAPL",10513,100,"019d96ba-f9db-725c-808b-583f5da297e0","it1","it1",10509,4860,false,"2026-04-16T14:38:49.348009Z"
"GOOG",10011,100,"019d96ba-f9dc-7013-800d-93701f011ab8","it1","mm4",10510,10403,true,"2026-04-16T14:38:49.348011Z"
"GOOG",10011,100,"019d96ba-f9dc-7014-8059-97268afa359e","it1","mm1",10510,10433,true,"2026-04-16T14:38:49.348013Z"
"GOOG",10016,50,"019d96ba-faad-7268-80e2-a0f38fb8e967","nt4","nt4",10571,3862,true,"2026-04-16T14:38:49.529308Z"
"GOOG",10016,12,"019d96ba-fbcf-73cd-80eb-a649fb10a42e","it1","nt4",10634,3862,true,"2026-04-16T14:38:49.813257Z"
"AAPL",10504,56,"019d96ba-fc57-73a7-80f9-3b334f82219a","nt1","it1",10635,4857,false,"2026-04-16T14:38:49.954034Z"
"GME",10012,100,"019d96ba-fdc4-73a6-8084-1aeb0959af5b","it1","mm4",10637,10512,true,"2026-04-16T14:38:50.316009Z"
"GME",10012,100,"019d96ba-fdc4-73a7-806f-21e5f1bfb25f","it1","mm1",10637,10542,true,"2026-04-16T14:38:50.316011Z"
"AAPL",10504,444,"019d96ba-fdc4-73b6-80f9-8e3cd6b4b538","it1","it1",10638,4857,false,"2026-04-16T14:38:50.316012Z"
"GOOG",10021,100,"019d96ba-fdc5-7039-80dd-32bceff24fac","it1","mm4",10639,10532,true,"2026-04-16T14:38:50.316014Z"
"AAPL",10504,50,"019d96ba-ff0e-7397-8033-8ee1b6840448","nt4","it1",10760,10638,true,"2026-04-16T14:38:50.649275Z"
"GME",10026,56,"019d96bb-0132-71a6-80fa-65a98d88153c","nt2","mm4",10764,10641,true,"2026-04-16T14:38:51.192321Z"
"GME",10026,44,"019d96bb-01af-71ae-806e-19e635986ab2","it1","mm4",10765,10641,true,"2026-04-16T14:38:51.320492Z"
"GME",10026,100,"019d96bb-01af-71b0-8046-8a85b14af162","it1","mm1",10765,10661,true,"2026-04-16T14:38:51.320494Z"
"GME",10026,100,"019d96bb-01af-71b1-8044-95044e7c26bf","it1","mm3",10765,10701,true,"2026-04-16T14:38:51.320495Z"
"GME",10026,100,"019d96bb-01af-71b1-8141-773dfcf21852","it1","mm2",10765,10724,true,"2026-04-16T14:38:51.320496Z"
"AAPL",10498,100,"019d96bb-01af-71c5-8022-b201fa53ddaa","it1","it1",10766,4726,false,"2026-04-16T14:38:51.320498Z"
"GOOG",10035,100,"019d96bb-01b0-7004-80cf-adc3aba5c7d4","it1","mm1",10767,10681,true,"2026-04-16T14:38:51.320499Z"
"GOOG",10035,100,"019d96bb-01b0-7005-8024-4e396ccfe4b4","it1","mm4",10767,10691,true,"2026-04-16T14:38:51.330583Z"
"GOOG",10035,100,"019d96bb-01b0-7006-802b-6e4fbedd47dc","it1","mm3",10767,10721,true,"2026-04-16T14:38:51.330586Z"
"GOOG",10035,100,"019d96bb-01b0-7006-8186-ec877fa6001d","it1","mm2",10767,10751,true,"2026-04-16T14:38:51.330587Z"
"AAPL",10490,61,"019d96bb-0293-7009-80af-97cb1953ddf1","nt3","mm3",10828,10710,false,"2026-04-16T14:38:51.542059Z"
"GME",10041,100,"019d96bb-0597-7282-80b0-2b49a5220544","it1","mm1",10892,10769,true,"2026-04-16T14:38:52.316693Z"
"GME",10041,100,"019d96bb-0597-7284-806f-0551e4c098d8","it1","mm4",10892,10799,true,"2026-04-16T14:38:52.316696Z"
"GME",10041,100,"019d96bb-0597-7285-80fc-06f58b14796c","it1","mm3",10892,10830,true,"2026-04-16T14:38:52.326781Z"
"GME",10041,100,"019d96bb-0597-7285-8169-4f8806c79e67","it1","mm2",10892,10850,true,"2026-04-16T14:38:52.326783Z"
"AAPL",10483,100,"019d96bb-0598-702a-8007-d12145d713d3","it1","it1",10893,4596,false,"2026-04-16T14:38:52.326785Z"
"GOOG",10050,100,"019d96bb-059a-71c7-8024-c32ad47b9e38","it1","mm1",10894,10789,true,"2026-04-16T14:38:52.326786Z"
"GOOG",10050,100,"019d96bb-059a-71c8-805e-c6052dd805ae","it1","mm4",10894,10819,true,"2026-04-16T14:38:52.326788Z"
"GOOG",10050,100,"019d96bb-059a-71ca-8020-ec45089665ba","it1","mm3",10894,10864,true,"2026-04-16T14:38:52.326789Z"
"GOOG",10050,100,"019d96bb-059a-71ca-8189-65af818a82a1","it1","mm2",10894,10880,true,"2026-04-16T14:38:52.326791Z"
"GOOG",10056,60,"019d96bb-0828-71c3-80c1-303d3ee22fdb","nt4","it1",11019,11017,false,"2026-04-16T14:38:52.971036Z"
"GME",10047,53,"019d96bb-0911-73b5-8001-e634cf923cbc","nt3","it1",11020,11015,false,"2026-04-16T14:38:53.212340Z"
"GME",10056,100,"019d96bb-0982-7030-8086-81d276be203e","it1","mm1",11021,10897,true,"2026-04-16T14:38:53.322994Z"
"GME",10056,100,"019d96bb-0982-7032-80af-0f0d810157cc","it1","mm4",11021,10905,true,"2026-04-16T14:38:53.322996Z"
"GME",10056,100,"019d96bb-0982-7032-814e-3fcbb558297e","it1","mm3",11021,10956,true,"2026-04-16T14:38:53.322998Z"
"GME",10056,100,"019d96bb-0982-7033-80f6-c33ac54c7f77","it1","mm2",11021,10966,true,"2026-04-16T14:38:53.322999Z"
"AAPL",10469,100,"019d96bb-0982-7044-80b7-6bbf4df90755","it1","mm4",11022,10914,false,"2026-04-16T14:38:53.323001Z"
"AAPL",10469,100,"019d96bb-0982-7045-802a-bb49a439ff5c","it1","mm1",11022,10935,false,"2026-04-16T14:38:53.323003Z"
"AAPL",10469,100,"019d96bb-0982-7045-8118-33fc9b73e621","it1","mm3",11022,10975,false,"2026-04-16T14:38:53.333063Z"
"AAPL",10469,100,"019d96bb-0982-7046-8052-918b7a1a1745","it1","mm2",11022,10985,false,"2026-04-16T14:38:53.333066Z"
"GOOG",10061,71,"019d96bb-0982-72a1-80db-dc758708bb47","it1","nt2",11023,10249,true,"2026-04-16T14:38:53.333067Z"
"GME",10056,53,"019d96bb-09b8-721b-8061-f67b8ab41260","nt1","it1",11024,11021,false,"2026-04-16T14:38:53.373297Z"
"GME",10056,47,"019d96bb-09ca-7209-8083-e9472345187d","nt2","it1",11025,11021,false,"2026-04-16T14:38:53.393415Z"
"GME",10047,14,"019d96bb-09ca-720c-8093-5da2b13af374","nt2","it1",11025,11015,false,"2026-04-16T14:38:53.393417Z"
"AAPL",10468,100,"019d96bb-0b75-73a0-8063-c82f390b7dce","it1","it1",11147,4468,false,"2026-04-16T14:38:53.816453Z"
"GME",10062,63,"019d96bb-0cb7-7252-8005-c5cb55f6384e","nt2","it1",11149,11146,false,"2026-04-16T14:38:54.138202Z"
"GOOG",10065,53,"019d96bb-0d18-722f-80f3-3e0ec739a410","nt1","it1",11150,11148,false,"2026-04-16T14:38:54.238792Z"
"GME",10066,100,"019d96bb-0d6a-72fa-806b-c1543ea860cf","it1","mm4",11151,11027,true,"2026-04-16T14:38:54.319256Z"
"GME",10066,100,"019d96bb-0d6a-72fb-804d-bb975e88fbb3","it1","mm1",11151,11057,true,"2026-04-16T14:38:54.319259Z"
"GME",10066,100,"019d96bb-0d6a-72fc-804d-db534845d12b","it1","mm3",11151,11087,true,"2026-04-16T14:38:54.329322Z"
"GME",10066,100,"019d96bb-0d6a-72fc-81be-0ef6919100fd","it1","mm2",11151,11117,true,"2026-04-16T14:38:54.329324Z"
"AAPL",10457,403,"019d96bb-0d6d-7014-80cd-02c19f59602e","it1","it1",11152,4345,false,"2026-04-16T14:38:54.329325Z"
"GOOG",10075,100,"019d96bb-0d6e-7244-8016-e12b92a0b603","it1","mm4",11153,11047,true,"2026-04-16T14:38:54.329327Z"
"GOOG",10075,100,"019d96bb-0d6e-7245-80fb-95d13edcf302","it1","mm1",11153,11077,true,"2026-04-16T14:38:54.329328Z"
"GOOG",10075,100,"019d96bb-0d6e-7246-8066-df06f21321eb","it1","mm3",11153,11107,true,"2026-04-16T14:38:54.329329Z"
"GOOG",10075,100,"019d96bb-0d6e-7246-81e4-6e1cf3ae9efa","it1","mm2",11153,11137,true,"2026-04-16T14:38:54.329331Z"
"AAPL",10457,97,"019d96bb-0e8e-722d-8019-5cc4cb70af2c","nt2","it1",11215,11152,true,"2026-04-16T14:38:54.611328Z"
"AAPL",10468,115,"019d96bb-0e8e-722e-80cd-2ef67bc02d50","nt2","it1",11215,11147,true,"2026-04-16T14:38:54.611330Z"
"AAPL",10456,52,"019d96bb-0f43-73e3-80db-d17d24be0c75","nt3","it1",11276,4340,false,"2026-04-16T14:38:54.792739Z"
"AAPL",10456,48,"019d96bb-0f5f-73d9-8023-970b29c30962","it1","it1",11278,4340,false,"2026-04-16T14:38:54.822873Z"
"GOOG",10081,62,"019d96bb-0faa-73aa-8009-c7d07f6ce1ed","nt3","it1",11280,11279,false,"2026-04-16T14:38:54.893284Z"
"GOOG",10081,52,"019d96bb-0fb9-7221-8060-a5246cebd2d7","nt2","it1",11281,11279,false,"2026-04-16T14:38:54.913403Z"
"GME",10081,100,"019d96bb-1153-7297-801b-6d3c89dfada3","it1","mm4",11282,11155,true,"2026-04-16T14:38:55.325641Z"
"GME",10081,100,"019d96bb-1153-7299-8041-8ed812c079a8","it1","mm1",11282,11185,true,"2026-04-16T14:38:55.325644Z"
"GME",10081,100,"019d96bb-1153-7299-8175-70e1999791f6","it1","mm3",11282,11217,true,"2026-04-16T14:38:55.325646Z"
"GME",10081,100,"019d96bb-1153-729a-80f2-f06e1cd51010","it1","mm2",11282,11247,true,"2026-04-16T14:38:55.325647Z"
"AAPL",10444,100,"019d96bb-1154-7039-8092-330efc343bf3","it1","mm4",11283,11164,false,"2026-04-16T14:38:55.325649Z"
"AAPL",10444,100,"019d96bb-1154-703a-80cf-299cfd919dda","it1","mm1",11283,11194,false,"2026-04-16T14:38:55.325650Z"
"AAPL",10444,100,"019d96bb-1154-703b-8065-08775a594c81","it1","mm3",11283,11226,false,"2026-04-16T14:38:55.335731Z"
"AAPL",10444,100,"019d96bb-1154-703b-8124-11ce5a206118","it1","mm2",11283,11256,false,"2026-04-16T14:38:55.345793Z"
"GOOG",10090,100,"019d96bb-1156-7137-80d5-e3af17db9654","it1","mm4",11284,11175,true,"2026-04-16T14:38:55.345795Z"
"GOOG",10090,100,"019d96bb-1156-7138-80d7-378f15cc270b","it1","mm1",11284,11205,true,"2026-04-16T14:38:55.345797Z"
"GOOG",10090,100,"019d96bb-1156-7139-8071-f7e81ff249d3","it1","mm3",11284,11237,true,"2026-04-16T14:38:55.345798Z"
"GOOG",10090,100,"019d96bb-1156-7139-81cf-555163d0587a","it1","mm2",11284,11267,true,"2026-04-16T14:38:55.345800Z"
"GOOG",10090,54,"019d96bb-1214-714f-8021-b96e569c260f","nt4","it1",11305,11284,false,"2026-04-16T14:38:55.516871Z"
"AAPL",10441,100,"019d96bb-1349-7193-8055-7d06552b3c90","it1","it1",11407,4212,false,"2026-04-16T14:38:55.818984Z"
"AAPL",10430,65,"019d96bb-13e3-73ba-8008-c4ac6a64dd8a","nt3","mm4",11409,11295,false,"2026-04-16T14:38:55.979869Z"
"GME",10096,100,"019d96bb-153d-70b5-80c5-95baecbc60d7","it1","mm4",11410,11286,true,"2026-04-16T14:38:56.321750Z"
"GME",10096,100,"019d96bb-153d-70b6-8030-1022afa8df27","it1","mm1",11410,11317,true,"2026-04-16T14:38:56.321753Z"
"GME",10096,100,"019d96bb-153d-70b7-803a-fa1ce8a83808","it1","mm3",11410,11347,true,"2026-04-16T14:38:56.331836Z"
"GME",10096,100,"019d96bb-153d-70b7-81ba-c9775ed24e52","it1","mm2",11410,11361,true,"2026-04-16T14:38:56.331838Z"
"AAPL",10430,35,"019d96bb-153d-72ea-8058-155c632d0011","it1","mm4",11411,11295,false,"2026-04-16T14:38:56.331839Z"
"AAPL",10430,100,"019d96bb-153d-72eb-80fa-1dc0d917e343","it1","mm1",11411,11326,false,"2026-04-16T14:38:56.331841Z"
"AAPL",10430,100,"019d96bb-153d-72ec-80fb-fbd18925e257","it1","mm3",11411,11356,false,"2026-04-16T14:38:56.331842Z"
"AAPL",10430,100,"019d96bb-153d-72ed-80fc-4b8900ed4060","it1","mm2",11411,11386,false,"2026-04-16T14:38:56.331843Z"
"GOOG",10105,100,"019d96bb-153f-7390-80c6-2727e4c9bd4e","it1","mm4",11412,11307,true,"2026-04-16T14:38:56.331845Z"
"GOOG",10105,100,"019d96bb-153f-7391-8042-560bf51d3e89","it1","mm1",11412,11337,true,"2026-04-16T14:38:56.341862Z"
"GOOG",10105,100,"019d96bb-153f-7392-8029-fbbfb57eed23","it1","mm3",11412,11374,true,"2026-04-16T14:38:56.341864Z"
"GOOG",10105,100,"019d96bb-153f-7393-8024-902d6c03f554","it1","mm2",11412,11397,true,"2026-04-16T14:38:56.341865Z"
"AAPL",10430,56,"019d96bb-1697-7204-80d5-4188f2ce431b","nt2","it1",11473,11411,true,"2026-04-16T14:38:56.674003Z"
"AAPL",10426,42,"019d96bb-1736-7178-8009-9885691b7a71","it1","it1",11535,4083,false,"2026-04-16T14:38:56.827959Z"
"GME",10111,100,"019d96bb-1926-738b-8010-c9344a0e47bc","it1","mm4",11537,11414,true,"2026-04-16T14:38:57.320641Z"
"GME",10111,100,"019d96bb-1926-738d-80b1-63acd46c13c9","it1","mm1",11537,11444,true,"2026-04-16T14:38:57.350835Z"
"GME",10111,100,"019d96bb-1926-738e-808c-53a447c911f4","it1","mm3",11537,11476,true,"2026-04-16T14:38:57.350838Z"
"GME",10111,100,"019d96bb-1926-738e-8105-1e8e9185cfa4","it1","mm2",11537,11480,true,"2026-04-16T14:38:57.350840Z"
"AAPL",10415,100,"019d96bb-1926-739f-80b6-3705f177230e","it1","mm4",11538,11423,false,"2026-04-16T14:38:57.360868Z"
"AAPL",10415,100,"019d96bb-1926-73a0-808b-bfb17cadc802","it1","mm1",11538,11453,false,"2026-04-16T14:38:57.360870Z"
"AAPL",10415,100,"019d96bb-1926-73a0-8192-c3da37974e2f","it1","mm3",11538,11490,false,"2026-04-16T14:38:57.360872Z"
"AAPL",10415,100,"019d96bb-1926-73a1-8099-9f02781ae225","it1","mm2",11538,11514,false,"2026-04-16T14:38:57.360873Z"
"GOOG",10120,100,"019d96bb-1927-73b5-80f7-9d321ddc7769","it1","mm4",11539,11434,true,"2026-04-16T14:38:57.360875Z"
"GOOG",10120,100,"019d96bb-1927-73b6-8030-7cb127146ba6","it1","mm1",11539,11464,true,"2026-04-16T14:38:57.360876Z"
"GOOG",10120,100,"019d96bb-1927-73b7-8071-1ff95373672d","it1","mm3",11539,11503,true,"2026-04-16T14:38:57.360878Z"
"GOOG",10120,100,"019d96bb-1927-73b7-817e-a780f2d561f4","it1","mm2",11539,11525,true,"2026-04-16T14:38:57.370938Z"
"AAPL",10411,36,"019d96bb-1b1c-73bf-803d-e5686da25924","it1","it1",11661,3955,false,"2026-04-16T14:38:57.824054Z"
"AAPL",10404,69,"019d96bb-1c9a-7015-805a-d437dbc55972","nt4","it1",11663,3830,false,"2026-04-16T14:38:58.206154Z"
"GME",10126,100,"019d96bb-1d11-7015-809c-3489180ee5e7","it1","mm4",11664,11541,true,"2026-04-16T14:38:58.326850Z"
"GME",10126,100,"019d96bb-1d11-7017-8006-ab9ef7bfe297","it1","mm1",11664,11571,true,"2026-04-16T14:38:58.326857Z"
"GME",10126,100,"019d96bb-1d11-7017-81a2-e7bb74e5967d","it1","mm3",11664,11601,true,"2026-04-16T14:38:58.326860Z"
"GME",10126,100,"019d96bb-1d11-7018-80d6-17689b705ee4","it1","mm2",11664,11611,true,"2026-04-16T14:38:58.336951Z"
"AAPL",10404,31,"019d96bb-1d13-7047-800b-c3c64a14a1b5","it1","it1",11665,3830,false,"2026-04-16T14:38:58.336953Z"
"GOOG",10130,52,"019d96bb-1d14-739b-80a6-dd4256bb7a0c","it1","nt2",11666,244,true,"2026-04-16T14:38:58.336954Z"
"GME",10141,100,"019d96bb-20fa-731f-802f-6b30c11649ae","it1","mm4",11791,11669,true,"2026-04-16T14:38:59.324470Z"
"GME",10141,100,"019d96bb-20fa-7321-806c-56707d633b0e","it1","mm1",11791,11699,true,"2026-04-16T14:38:59.334521Z"
"GME",10141,100,"019d96bb-20fa-7322-808b-df34a5f37a66","it1","mm3",11791,11729,true,"2026-04-16T14:38:59.334523Z"
"GME",10141,100,"019d96bb-20fa-7322-81ab-5a4c74f1daa8","it1","mm2",11791,11744,true,"2026-04-16T14:38:59.334524Z"
"AAPL",10395,500,"019d96bb-20fb-734b-8040-748050dcbcc0","it1","it1",11792,3826,false,"2026-04-16T14:38:59.334526Z"
"GOOG",10144,100,"019d96bb-20fd-70c8-8098-77cc71e079ab","it1","mm4",11793,11689,true,"2026-04-16T14:38:59.334527Z"
